%YAML 1.1
%TAG !u! tag:unity3d.com,2011:
--- !u!29 &1
OcclusionCullingSettings:
  m_ObjectHideFlags: 0
  serializedVersion: 2
  m_OcclusionBakeSettings:
    smallestOccluder: 5
    smallestHole: 0.25
    backfaceThreshold: 100
  m_SceneGUID: 00000000000000000000000000000000
  m_OcclusionCullingData: {fileID: 0}
--- !u!104 &2
RenderSettings:
  m_ObjectHideFlags: 0
  serializedVersion: 9
  m_Fog: 0
  m_FogColor: {r: 0.5, g: 0.5, b: 0.5, a: 1}
  m_FogMode: 3
  m_FogDensity: 0.01
  m_LinearFogStart: 0
  m_LinearFogEnd: 300
  m_AmbientSkyColor: {r: 0.212, g: 0.227, b: 0.259, a: 1}
  m_AmbientEquatorColor: {r: 0.114, g: 0.125, b: 0.133, a: 1}
  m_AmbientGroundColor: {r: 0.047, g: 0.043, b: 0.035, a: 1}
  m_AmbientIntensity: 1
  m_AmbientMode: 3
  m_SubtractiveShadowColor: {r: 0.42, g: 0.478, b: 0.627, a: 1}
  m_SkyboxMaterial: {fileID: 0}
  m_HaloStrength: 0.5
  m_FlareStrength: 1
  m_FlareFadeSpeed: 3
  m_HaloTexture: {fileID: 0}
  m_SpotCookie: {fileID: 10001, guid: 0000000000000000e000000000000000, type: 0}
  m_DefaultReflectionMode: 0
  m_DefaultReflectionResolution: 128
  m_ReflectionBounces: 1
  m_ReflectionIntensity: 1
  m_CustomReflection: {fileID: 0}
  m_Sun: {fileID: 0}
  m_IndirectSpecularColor: {r: 0, g: 0, b: 0, a: 1}
  m_UseRadianceAmbientProbe: 0
--- !u!157 &3
LightmapSettings:
  m_ObjectHideFlags: 0
  serializedVersion: 11
  m_GIWorkflowMode: 1
  m_GISettings:
    serializedVersion: 2
    m_BounceScale: 1
    m_IndirectOutputScale: 1
    m_AlbedoBoost: 1
    m_EnvironmentLightingMode: 0
    m_EnableBakedLightmaps: 0
    m_EnableRealtimeLightmaps: 0
  m_LightmapEditorSettings:
    serializedVersion: 12
    m_Resolution: 2
    m_BakeResolution: 40
    m_AtlasSize: 1024
    m_AO: 0
    m_AOMaxDistance: 1
    m_CompAOExponent: 1
    m_CompAOExponentDirect: 0
    m_ExtractAmbientOcclusion: 0
    m_Padding: 2
    m_LightmapParameters: {fileID: 0}
    m_LightmapsBakeMode: 1
    m_TextureCompression: 1
    m_FinalGather: 0
    m_FinalGatherFiltering: 1
    m_FinalGatherRayCount: 256
    m_ReflectionCompression: 2
    m_MixedBakeMode: 2
    m_BakeBackend: 0
    m_PVRSampling: 1
    m_PVRDirectSampleCount: 32
    m_PVRSampleCount: 500
    m_PVRBounces: 2
    m_PVREnvironmentSampleCount: 500
    m_PVREnvironmentReferencePointCount: 2048
    m_PVRFilteringMode: 2
    m_PVRDenoiserTypeDirect: 0
    m_PVRDenoiserTypeIndirect: 0
    m_PVRDenoiserTypeAO: 0
    m_PVRFilterTypeDirect: 0
    m_PVRFilterTypeIndirect: 0
    m_PVRFilterTypeAO: 0
    m_PVREnvironmentMIS: 0
    m_PVRCulling: 1
    m_PVRFilteringGaussRadiusDirect: 1
    m_PVRFilteringGaussRadiusIndirect: 5
    m_PVRFilteringGaussRadiusAO: 2
    m_PVRFilteringAtrousPositionSigmaDirect: 0.5
    m_PVRFilteringAtrousPositionSigmaIndirect: 2
    m_PVRFilteringAtrousPositionSigmaAO: 1
    m_ShowResolutionOverlay: 1
    m_ExportTrainingData: 0
  m_LightingDataAsset: {fileID: 0}
  m_UseShadowmask: 1
--- !u!196 &4
NavMeshSettings:
  serializedVersion: 2
  m_ObjectHideFlags: 0
  m_BuildSettings:
    serializedVersion: 2
    agentTypeID: 0
    agentRadius: 0.5
    agentHeight: 2
    agentSlope: 45
    agentClimb: 0.4
    ledgeDropHeight: 0
    maxJumpAcrossDistance: 0
    minRegionArea: 2
    manualCellSize: 0
    cellSize: 0.16666667
    manualTileSize: 0
    tileSize: 256
    accuratePlacement: 0
    debug:
      m_Flags: 0
  m_NavMeshData: {fileID: 0}
--- !u!4 &14022720 stripped
Transform:
  m_CorrespondingSourceObject: {fileID: 419695946874780919, guid: 7baf52ba96d41564a9e8831a93919e55,
    type: 3}
  m_PrefabInstance: {fileID: 94352480}
  m_PrefabAsset: {fileID: 0}
--- !u!1001 &94352480
PrefabInstance:
  m_ObjectHideFlags: 0
  serializedVersion: 2
  m_Modification:
    m_TransformParent: {fileID: 1175725684}
    m_Modifications:
    - target: {fileID: 419695946874780921, guid: 7baf52ba96d41564a9e8831a93919e55,
        type: 3}
      propertyPath: m_Name
      value: Two Hit Block (1)
      objectReference: {fileID: 0}
    - target: {fileID: 419695946874780919, guid: 7baf52ba96d41564a9e8831a93919e55,
        type: 3}
      propertyPath: m_LocalPosition.x
      value: 3.5525222
      objectReference: {fileID: 0}
    - target: {fileID: 419695946874780919, guid: 7baf52ba96d41564a9e8831a93919e55,
        type: 3}
      propertyPath: m_LocalPosition.y
      value: 7.54
      objectReference: {fileID: 0}
    - target: {fileID: 419695946874780919, guid: 7baf52ba96d41564a9e8831a93919e55,
        type: 3}
      propertyPath: m_LocalPosition.z
      value: 0
      objectReference: {fileID: 0}
    - target: {fileID: 419695946874780919, guid: 7baf52ba96d41564a9e8831a93919e55,
        type: 3}
      propertyPath: m_LocalRotation.x
      value: -0
      objectReference: {fileID: 0}
    - target: {fileID: 419695946874780919, guid: 7baf52ba96d41564a9e8831a93919e55,
        type: 3}
      propertyPath: m_LocalRotation.y
      value: -0
      objectReference: {fileID: 0}
    - target: {fileID: 419695946874780919, guid: 7baf52ba96d41564a9e8831a93919e55,
        type: 3}
      propertyPath: m_LocalRotation.z
      value: -0
      objectReference: {fileID: 0}
    - target: {fileID: 419695946874780919, guid: 7baf52ba96d41564a9e8831a93919e55,
        type: 3}
      propertyPath: m_LocalRotation.w
      value: 1
      objectReference: {fileID: 0}
    - target: {fileID: 419695946874780919, guid: 7baf52ba96d41564a9e8831a93919e55,
        type: 3}
      propertyPath: m_RootOrder
      value: 1
      objectReference: {fileID: 0}
    - target: {fileID: 419695946874780919, guid: 7baf52ba96d41564a9e8831a93919e55,
        type: 3}
      propertyPath: m_LocalEulerAnglesHint.x
      value: 0
      objectReference: {fileID: 0}
    - target: {fileID: 419695946874780919, guid: 7baf52ba96d41564a9e8831a93919e55,
        type: 3}
      propertyPath: m_LocalEulerAnglesHint.y
      value: 0
      objectReference: {fileID: 0}
    - target: {fileID: 419695946874780919, guid: 7baf52ba96d41564a9e8831a93919e55,
        type: 3}
      propertyPath: m_LocalEulerAnglesHint.z
      value: 0
      objectReference: {fileID: 0}
    m_RemovedComponents: []
  m_SourcePrefab: {fileID: 100100000, guid: 7baf52ba96d41564a9e8831a93919e55, type: 3}
--- !u!1001 &118821483
PrefabInstance:
  m_ObjectHideFlags: 0
  serializedVersion: 2
  m_Modification:
    m_TransformParent: {fileID: 1175725684}
    m_Modifications:
    - target: {fileID: 419695946874780921, guid: 61ce78072f759ac4f84af8cbcff9639a,
        type: 3}
      propertyPath: m_Name
      value: One Hit Block (2)
      objectReference: {fileID: 0}
    - target: {fileID: 419695946874780919, guid: 61ce78072f759ac4f84af8cbcff9639a,
        type: 3}
      propertyPath: m_LocalPosition.x
      value: 7.68
      objectReference: {fileID: 0}
    - target: {fileID: 419695946874780919, guid: 61ce78072f759ac4f84af8cbcff9639a,
        type: 3}
      propertyPath: m_LocalPosition.y
      value: 5.6870756
      objectReference: {fileID: 0}
    - target: {fileID: 419695946874780919, guid: 61ce78072f759ac4f84af8cbcff9639a,
        type: 3}
      propertyPath: m_LocalPosition.z
      value: 0
      objectReference: {fileID: 0}
    - target: {fileID: 419695946874780919, guid: 61ce78072f759ac4f84af8cbcff9639a,
        type: 3}
      propertyPath: m_LocalRotation.x
      value: -0
      objectReference: {fileID: 0}
    - target: {fileID: 419695946874780919, guid: 61ce78072f759ac4f84af8cbcff9639a,
        type: 3}
      propertyPath: m_LocalRotation.y
      value: -0
      objectReference: {fileID: 0}
    - target: {fileID: 419695946874780919, guid: 61ce78072f759ac4f84af8cbcff9639a,
        type: 3}
      propertyPath: m_LocalRotation.z
      value: -0
      objectReference: {fileID: 0}
    - target: {fileID: 419695946874780919, guid: 61ce78072f759ac4f84af8cbcff9639a,
        type: 3}
      propertyPath: m_LocalRotation.w
      value: 1
      objectReference: {fileID: 0}
    - target: {fileID: 419695946874780919, guid: 61ce78072f759ac4f84af8cbcff9639a,
        type: 3}
      propertyPath: m_RootOrder
      value: 2
      objectReference: {fileID: 0}
    - target: {fileID: 419695946874780919, guid: 61ce78072f759ac4f84af8cbcff9639a,
        type: 3}
      propertyPath: m_LocalEulerAnglesHint.x
      value: 0
      objectReference: {fileID: 0}
    - target: {fileID: 419695946874780919, guid: 61ce78072f759ac4f84af8cbcff9639a,
        type: 3}
      propertyPath: m_LocalEulerAnglesHint.y
      value: 0
      objectReference: {fileID: 0}
    - target: {fileID: 419695946874780919, guid: 61ce78072f759ac4f84af8cbcff9639a,
        type: 3}
      propertyPath: m_LocalEulerAnglesHint.z
      value: 0
      objectReference: {fileID: 0}
    m_RemovedComponents: []
  m_SourcePrefab: {fileID: 100100000, guid: 61ce78072f759ac4f84af8cbcff9639a, type: 3}
--- !u!1001 &122638323
PrefabInstance:
  m_ObjectHideFlags: 0
  serializedVersion: 2
  m_Modification:
    m_TransformParent: {fileID: 1175725684}
    m_Modifications:
    - target: {fileID: 419695946874780921, guid: 61ce78072f759ac4f84af8cbcff9639a,
        type: 3}
      propertyPath: m_Name
      value: One Hit Block
      objectReference: {fileID: 0}
    - target: {fileID: 419695946874780919, guid: 61ce78072f759ac4f84af8cbcff9639a,
        type: 3}
      propertyPath: m_LocalPosition.x
      value: 1.8441038
      objectReference: {fileID: 0}
    - target: {fileID: 419695946874780919, guid: 61ce78072f759ac4f84af8cbcff9639a,
        type: 3}
      propertyPath: m_LocalPosition.y
      value: 5.577562
      objectReference: {fileID: 0}
    - target: {fileID: 419695946874780919, guid: 61ce78072f759ac4f84af8cbcff9639a,
        type: 3}
      propertyPath: m_LocalPosition.z
      value: 0
      objectReference: {fileID: 0}
    - target: {fileID: 419695946874780919, guid: 61ce78072f759ac4f84af8cbcff9639a,
        type: 3}
      propertyPath: m_LocalRotation.x
      value: -0
      objectReference: {fileID: 0}
    - target: {fileID: 419695946874780919, guid: 61ce78072f759ac4f84af8cbcff9639a,
        type: 3}
      propertyPath: m_LocalRotation.y
      value: -0
      objectReference: {fileID: 0}
    - target: {fileID: 419695946874780919, guid: 61ce78072f759ac4f84af8cbcff9639a,
        type: 3}
      propertyPath: m_LocalRotation.z
      value: -0
      objectReference: {fileID: 0}
    - target: {fileID: 419695946874780919, guid: 61ce78072f759ac4f84af8cbcff9639a,
        type: 3}
      propertyPath: m_LocalRotation.w
      value: 1
      objectReference: {fileID: 0}
    - target: {fileID: 419695946874780919, guid: 61ce78072f759ac4f84af8cbcff9639a,
        type: 3}
      propertyPath: m_RootOrder
      value: 7
      objectReference: {fileID: 0}
    - target: {fileID: 419695946874780919, guid: 61ce78072f759ac4f84af8cbcff9639a,
        type: 3}
      propertyPath: m_LocalEulerAnglesHint.x
      value: 0
      objectReference: {fileID: 0}
    - target: {fileID: 419695946874780919, guid: 61ce78072f759ac4f84af8cbcff9639a,
        type: 3}
      propertyPath: m_LocalEulerAnglesHint.y
      value: 0
      objectReference: {fileID: 0}
    - target: {fileID: 419695946874780919, guid: 61ce78072f759ac4f84af8cbcff9639a,
        type: 3}
      propertyPath: m_LocalEulerAnglesHint.z
      value: 0
      objectReference: {fileID: 0}
    m_RemovedComponents: []
  m_SourcePrefab: {fileID: 100100000, guid: 61ce78072f759ac4f84af8cbcff9639a, type: 3}
--- !u!1001 &312563131
PrefabInstance:
  m_ObjectHideFlags: 0
  serializedVersion: 2
  m_Modification:
    m_TransformParent: {fileID: 1175725684}
    m_Modifications:
    - target: {fileID: 419695946874780921, guid: e42b6d465b98a5d4095c8059e3d79d17,
        type: 3}
      propertyPath: m_Name
      value: UnbreakableBlock (9)
      objectReference: {fileID: 0}
    - target: {fileID: 419695946874780919, guid: e42b6d465b98a5d4095c8059e3d79d17,
        type: 3}
      propertyPath: m_LocalPosition.x
      value: 10.55
      objectReference: {fileID: 0}
    - target: {fileID: 419695946874780919, guid: e42b6d465b98a5d4095c8059e3d79d17,
        type: 3}
      propertyPath: m_LocalPosition.y
      value: 7.24
      objectReference: {fileID: 0}
    - target: {fileID: 419695946874780919, guid: e42b6d465b98a5d4095c8059e3d79d17,
        type: 3}
      propertyPath: m_LocalPosition.z
      value: 0
      objectReference: {fileID: 0}
    - target: {fileID: 419695946874780919, guid: e42b6d465b98a5d4095c8059e3d79d17,
        type: 3}
      propertyPath: m_LocalRotation.x
      value: -0
      objectReference: {fileID: 0}
    - target: {fileID: 419695946874780919, guid: e42b6d465b98a5d4095c8059e3d79d17,
        type: 3}
      propertyPath: m_LocalRotation.y
      value: -0
      objectReference: {fileID: 0}
    - target: {fileID: 419695946874780919, guid: e42b6d465b98a5d4095c8059e3d79d17,
        type: 3}
      propertyPath: m_LocalRotation.z
      value: -0
      objectReference: {fileID: 0}
    - target: {fileID: 419695946874780919, guid: e42b6d465b98a5d4095c8059e3d79d17,
        type: 3}
      propertyPath: m_LocalRotation.w
      value: 1
      objectReference: {fileID: 0}
    - target: {fileID: 419695946874780919, guid: e42b6d465b98a5d4095c8059e3d79d17,
        type: 3}
      propertyPath: m_RootOrder
      value: 17
      objectReference: {fileID: 0}
    - target: {fileID: 419695946874780919, guid: e42b6d465b98a5d4095c8059e3d79d17,
        type: 3}
      propertyPath: m_LocalEulerAnglesHint.x
      value: 0
      objectReference: {fileID: 0}
    - target: {fileID: 419695946874780919, guid: e42b6d465b98a5d4095c8059e3d79d17,
        type: 3}
      propertyPath: m_LocalEulerAnglesHint.y
      value: 0
      objectReference: {fileID: 0}
    - target: {fileID: 419695946874780919, guid: e42b6d465b98a5d4095c8059e3d79d17,
        type: 3}
      propertyPath: m_LocalEulerAnglesHint.z
      value: 0
      objectReference: {fileID: 0}
    m_RemovedComponents: []
  m_SourcePrefab: {fileID: 100100000, guid: e42b6d465b98a5d4095c8059e3d79d17, type: 3}
--- !u!4 &421846497 stripped
Transform:
  m_CorrespondingSourceObject: {fileID: 419695946874780919, guid: 61ce78072f759ac4f84af8cbcff9639a,
    type: 3}
  m_PrefabInstance: {fileID: 2084073972}
  m_PrefabAsset: {fileID: 0}
--- !u!4 &451087642 stripped
Transform:
  m_CorrespondingSourceObject: {fileID: 419695946874780919, guid: 61ce78072f759ac4f84af8cbcff9639a,
    type: 3}
  m_PrefabInstance: {fileID: 1845894902}
  m_PrefabAsset: {fileID: 0}
--- !u!4 &481293451 stripped
Transform:
  m_CorrespondingSourceObject: {fileID: 419695946874780919, guid: e42b6d465b98a5d4095c8059e3d79d17,
    type: 3}
  m_PrefabInstance: {fileID: 312563131}
  m_PrefabAsset: {fileID: 0}
--- !u!4 &533497119 stripped
Transform:
  m_CorrespondingSourceObject: {fileID: 419695946874780919, guid: e42b6d465b98a5d4095c8059e3d79d17,
    type: 3}
  m_PrefabInstance: {fileID: 2044886765}
  m_PrefabAsset: {fileID: 0}
--- !u!1001 &551804144
PrefabInstance:
  m_ObjectHideFlags: 0
  serializedVersion: 2
  m_Modification:
    m_TransformParent: {fileID: 1175725684}
    m_Modifications:
    - target: {fileID: 419695946874780921, guid: ed15efeb8da04b4488c5df18dfd73545,
        type: 3}
      propertyPath: m_Name
      value: Three Hit Block (1)
      objectReference: {fileID: 0}
    - target: {fileID: 419695946874780919, guid: ed15efeb8da04b4488c5df18dfd73545,
        type: 3}
      propertyPath: m_LocalPosition.x
      value: 15.14
      objectReference: {fileID: 0}
    - target: {fileID: 419695946874780919, guid: ed15efeb8da04b4488c5df18dfd73545,
        type: 3}
      propertyPath: m_LocalPosition.y
      value: 11
      objectReference: {fileID: 0}
    - target: {fileID: 419695946874780919, guid: ed15efeb8da04b4488c5df18dfd73545,
        type: 3}
      propertyPath: m_LocalPosition.z
      value: 0
      objectReference: {fileID: 0}
    - target: {fileID: 419695946874780919, guid: ed15efeb8da04b4488c5df18dfd73545,
        type: 3}
      propertyPath: m_LocalRotation.x
      value: -0
      objectReference: {fileID: 0}
    - target: {fileID: 419695946874780919, guid: ed15efeb8da04b4488c5df18dfd73545,
        type: 3}
      propertyPath: m_LocalRotation.y
      value: -0
      objectReference: {fileID: 0}
    - target: {fileID: 419695946874780919, guid: ed15efeb8da04b4488c5df18dfd73545,
        type: 3}
      propertyPath: m_LocalRotation.z
      value: -0
      objectReference: {fileID: 0}
    - target: {fileID: 419695946874780919, guid: ed15efeb8da04b4488c5df18dfd73545,
        type: 3}
      propertyPath: m_LocalRotation.w
      value: 1
      objectReference: {fileID: 0}
    - target: {fileID: 419695946874780919, guid: ed15efeb8da04b4488c5df18dfd73545,
        type: 3}
      propertyPath: m_RootOrder
      value: 20
      objectReference: {fileID: 0}
    - target: {fileID: 419695946874780919, guid: ed15efeb8da04b4488c5df18dfd73545,
        type: 3}
      propertyPath: m_LocalEulerAnglesHint.x
      value: 0
      objectReference: {fileID: 0}
    - target: {fileID: 419695946874780919, guid: ed15efeb8da04b4488c5df18dfd73545,
        type: 3}
      propertyPath: m_LocalEulerAnglesHint.y
      value: 0
      objectReference: {fileID: 0}
    - target: {fileID: 419695946874780919, guid: ed15efeb8da04b4488c5df18dfd73545,
        type: 3}
      propertyPath: m_LocalEulerAnglesHint.z
      value: 0
      objectReference: {fileID: 0}
    - target: {fileID: 419695946874780919, guid: ed15efeb8da04b4488c5df18dfd73545,
        type: 3}
      propertyPath: m_LocalScale.x
      value: 2
      objectReference: {fileID: 0}
    - target: {fileID: 419695946874780919, guid: ed15efeb8da04b4488c5df18dfd73545,
        type: 3}
      propertyPath: m_LocalScale.y
      value: 2
      objectReference: {fileID: 0}
    m_RemovedComponents: []
  m_SourcePrefab: {fileID: 100100000, guid: ed15efeb8da04b4488c5df18dfd73545, type: 3}
--- !u!1001 &633440687
PrefabInstance:
  m_ObjectHideFlags: 0
  serializedVersion: 2
  m_Modification:
    m_TransformParent: {fileID: 1175725684}
    m_Modifications:
    - target: {fileID: 419695946874780921, guid: 61ce78072f759ac4f84af8cbcff9639a,
        type: 3}
      propertyPath: m_Name
      value: One Hit Block (5)
      objectReference: {fileID: 0}
    - target: {fileID: 419695946874780919, guid: 61ce78072f759ac4f84af8cbcff9639a,
        type: 3}
      propertyPath: m_LocalPosition.x
      value: 10.68
      objectReference: {fileID: 0}
    - target: {fileID: 419695946874780919, guid: 61ce78072f759ac4f84af8cbcff9639a,
        type: 3}
      propertyPath: m_LocalPosition.y
      value: 5.6870756
      objectReference: {fileID: 0}
    - target: {fileID: 419695946874780919, guid: 61ce78072f759ac4f84af8cbcff9639a,
        type: 3}
      propertyPath: m_LocalPosition.z
      value: 0
      objectReference: {fileID: 0}
    - target: {fileID: 419695946874780919, guid: 61ce78072f759ac4f84af8cbcff9639a,
        type: 3}
      propertyPath: m_LocalRotation.x
      value: -0
      objectReference: {fileID: 0}
    - target: {fileID: 419695946874780919, guid: 61ce78072f759ac4f84af8cbcff9639a,
        type: 3}
      propertyPath: m_LocalRotation.y
      value: -0
      objectReference: {fileID: 0}
    - target: {fileID: 419695946874780919, guid: 61ce78072f759ac4f84af8cbcff9639a,
        type: 3}
      propertyPath: m_LocalRotation.z
      value: -0
      objectReference: {fileID: 0}
    - target: {fileID: 419695946874780919, guid: 61ce78072f759ac4f84af8cbcff9639a,
        type: 3}
      propertyPath: m_LocalRotation.w
      value: 1
      objectReference: {fileID: 0}
    - target: {fileID: 419695946874780919, guid: 61ce78072f759ac4f84af8cbcff9639a,
        type: 3}
      propertyPath: m_RootOrder
      value: 5
      objectReference: {fileID: 0}
    - target: {fileID: 419695946874780919, guid: 61ce78072f759ac4f84af8cbcff9639a,
        type: 3}
      propertyPath: m_LocalEulerAnglesHint.x
      value: 0
      objectReference: {fileID: 0}
    - target: {fileID: 419695946874780919, guid: 61ce78072f759ac4f84af8cbcff9639a,
        type: 3}
      propertyPath: m_LocalEulerAnglesHint.y
      value: 0
      objectReference: {fileID: 0}
    - target: {fileID: 419695946874780919, guid: 61ce78072f759ac4f84af8cbcff9639a,
        type: 3}
      propertyPath: m_LocalEulerAnglesHint.z
      value: 0
      objectReference: {fileID: 0}
    m_RemovedComponents: []
  m_SourcePrefab: {fileID: 100100000, guid: 61ce78072f759ac4f84af8cbcff9639a, type: 3}
--- !u!4 &671491228 stripped
Transform:
  m_CorrespondingSourceObject: {fileID: 419695946874780919, guid: 7baf52ba96d41564a9e8831a93919e55,
    type: 3}
  m_PrefabInstance: {fileID: 737480633}
  m_PrefabAsset: {fileID: 0}
--- !u!1001 &737480633
PrefabInstance:
  m_ObjectHideFlags: 0
  serializedVersion: 2
  m_Modification:
    m_TransformParent: {fileID: 1175725684}
    m_Modifications:
    - target: {fileID: 419695946874780921, guid: 7baf52ba96d41564a9e8831a93919e55,
        type: 3}
      propertyPath: m_Name
      value: Two Hit Block
      objectReference: {fileID: 0}
    - target: {fileID: 419695946874780919, guid: 7baf52ba96d41564a9e8831a93919e55,
        type: 3}
      propertyPath: m_LocalPosition.x
      value: 3.5525222
      objectReference: {fileID: 0}
    - target: {fileID: 419695946874780919, guid: 7baf52ba96d41564a9e8831a93919e55,
        type: 3}
      propertyPath: m_LocalPosition.y
      value: 6.5412846
      objectReference: {fileID: 0}
    - target: {fileID: 419695946874780919, guid: 7baf52ba96d41564a9e8831a93919e55,
        type: 3}
      propertyPath: m_LocalPosition.z
      value: 0
      objectReference: {fileID: 0}
    - target: {fileID: 419695946874780919, guid: 7baf52ba96d41564a9e8831a93919e55,
        type: 3}
      propertyPath: m_LocalRotation.x
      value: -0
      objectReference: {fileID: 0}
    - target: {fileID: 419695946874780919, guid: 7baf52ba96d41564a9e8831a93919e55,
        type: 3}
      propertyPath: m_LocalRotation.y
      value: -0
      objectReference: {fileID: 0}
    - target: {fileID: 419695946874780919, guid: 7baf52ba96d41564a9e8831a93919e55,
        type: 3}
      propertyPath: m_LocalRotation.z
      value: -0
      objectReference: {fileID: 0}
    - target: {fileID: 419695946874780919, guid: 7baf52ba96d41564a9e8831a93919e55,
        type: 3}
      propertyPath: m_LocalRotation.w
      value: 1
      objectReference: {fileID: 0}
    - target: {fileID: 419695946874780919, guid: 7baf52ba96d41564a9e8831a93919e55,
        type: 3}
      propertyPath: m_RootOrder
      value: 8
      objectReference: {fileID: 0}
    - target: {fileID: 419695946874780919, guid: 7baf52ba96d41564a9e8831a93919e55,
        type: 3}
      propertyPath: m_LocalEulerAnglesHint.x
      value: 0
      objectReference: {fileID: 0}
    - target: {fileID: 419695946874780919, guid: 7baf52ba96d41564a9e8831a93919e55,
        type: 3}
      propertyPath: m_LocalEulerAnglesHint.y
      value: 0
      objectReference: {fileID: 0}
    - target: {fileID: 419695946874780919, guid: 7baf52ba96d41564a9e8831a93919e55,
        type: 3}
      propertyPath: m_LocalEulerAnglesHint.z
      value: 0
      objectReference: {fileID: 0}
    m_RemovedComponents: []
  m_SourcePrefab: {fileID: 100100000, guid: 7baf52ba96d41564a9e8831a93919e55, type: 3}
--- !u!1001 &825607574
PrefabInstance:
  m_ObjectHideFlags: 0
  serializedVersion: 2
  m_Modification:
    m_TransformParent: {fileID: 1175725684}
    m_Modifications:
    - target: {fileID: 419695946874780921, guid: e42b6d465b98a5d4095c8059e3d79d17,
        type: 3}
      propertyPath: m_Name
      value: UnbreakableBlock
      objectReference: {fileID: 0}
    - target: {fileID: 419695946874780919, guid: e42b6d465b98a5d4095c8059e3d79d17,
        type: 3}
      propertyPath: m_LocalPosition.x
      value: 0.5080328
      objectReference: {fileID: 0}
    - target: {fileID: 419695946874780919, guid: e42b6d465b98a5d4095c8059e3d79d17,
        type: 3}
      propertyPath: m_LocalPosition.y
      value: 5.7308817
      objectReference: {fileID: 0}
    - target: {fileID: 419695946874780919, guid: e42b6d465b98a5d4095c8059e3d79d17,
        type: 3}
      propertyPath: m_LocalPosition.z
      value: 0
      objectReference: {fileID: 0}
    - target: {fileID: 419695946874780919, guid: e42b6d465b98a5d4095c8059e3d79d17,
        type: 3}
      propertyPath: m_LocalRotation.x
      value: -0
      objectReference: {fileID: 0}
    - target: {fileID: 419695946874780919, guid: e42b6d465b98a5d4095c8059e3d79d17,
        type: 3}
      propertyPath: m_LocalRotation.y
      value: -0
      objectReference: {fileID: 0}
    - target: {fileID: 419695946874780919, guid: e42b6d465b98a5d4095c8059e3d79d17,
        type: 3}
      propertyPath: m_LocalRotation.z
      value: -0
      objectReference: {fileID: 0}
    - target: {fileID: 419695946874780919, guid: e42b6d465b98a5d4095c8059e3d79d17,
        type: 3}
      propertyPath: m_LocalRotation.w
      value: 1
      objectReference: {fileID: 0}
    - target: {fileID: 419695946874780919, guid: e42b6d465b98a5d4095c8059e3d79d17,
        type: 3}
      propertyPath: m_RootOrder
      value: 11
      objectReference: {fileID: 0}
    - target: {fileID: 419695946874780919, guid: e42b6d465b98a5d4095c8059e3d79d17,
        type: 3}
      propertyPath: m_LocalEulerAnglesHint.x
      value: 0
      objectReference: {fileID: 0}
    - target: {fileID: 419695946874780919, guid: e42b6d465b98a5d4095c8059e3d79d17,
        type: 3}
      propertyPath: m_LocalEulerAnglesHint.y
      value: 0
      objectReference: {fileID: 0}
    - target: {fileID: 419695946874780919, guid: e42b6d465b98a5d4095c8059e3d79d17,
        type: 3}
      propertyPath: m_LocalEulerAnglesHint.z
      value: 0
      objectReference: {fileID: 0}
    m_RemovedComponents: []
  m_SourcePrefab: {fileID: 100100000, guid: e42b6d465b98a5d4095c8059e3d79d17, type: 3}
--- !u!1001 &857532473
PrefabInstance:
  m_ObjectHideFlags: 0
  serializedVersion: 2
  m_Modification:
    m_TransformParent: {fileID: 1175725684}
    m_Modifications:
    - target: {fileID: 419695946874780921, guid: e42b6d465b98a5d4095c8059e3d79d17,
        type: 3}
      propertyPath: m_Name
      value: UnbreakableBlock (6)
      objectReference: {fileID: 0}
    - target: {fileID: 419695946874780919, guid: e42b6d465b98a5d4095c8059e3d79d17,
        type: 3}
      propertyPath: m_LocalPosition.x
      value: 7.05
      objectReference: {fileID: 0}
    - target: {fileID: 419695946874780919, guid: e42b6d465b98a5d4095c8059e3d79d17,
        type: 3}
      propertyPath: m_LocalPosition.y
      value: 8.49
      objectReference: {fileID: 0}
    - target: {fileID: 419695946874780919, guid: e42b6d465b98a5d4095c8059e3d79d17,
        type: 3}
      propertyPath: m_LocalPosition.z
      value: 0
      objectReference: {fileID: 0}
    - target: {fileID: 419695946874780919, guid: e42b6d465b98a5d4095c8059e3d79d17,
        type: 3}
      propertyPath: m_LocalRotation.x
      value: -0
      objectReference: {fileID: 0}
    - target: {fileID: 419695946874780919, guid: e42b6d465b98a5d4095c8059e3d79d17,
        type: 3}
      propertyPath: m_LocalRotation.y
      value: -0
      objectReference: {fileID: 0}
    - target: {fileID: 419695946874780919, guid: e42b6d465b98a5d4095c8059e3d79d17,
        type: 3}
      propertyPath: m_LocalRotation.z
      value: -0
      objectReference: {fileID: 0}
    - target: {fileID: 419695946874780919, guid: e42b6d465b98a5d4095c8059e3d79d17,
        type: 3}
      propertyPath: m_LocalRotation.w
      value: 1
      objectReference: {fileID: 0}
    - target: {fileID: 419695946874780919, guid: e42b6d465b98a5d4095c8059e3d79d17,
        type: 3}
      propertyPath: m_RootOrder
      value: 14
      objectReference: {fileID: 0}
    - target: {fileID: 419695946874780919, guid: e42b6d465b98a5d4095c8059e3d79d17,
        type: 3}
      propertyPath: m_LocalEulerAnglesHint.x
      value: 0
      objectReference: {fileID: 0}
    - target: {fileID: 419695946874780919, guid: e42b6d465b98a5d4095c8059e3d79d17,
        type: 3}
      propertyPath: m_LocalEulerAnglesHint.y
      value: 0
      objectReference: {fileID: 0}
    - target: {fileID: 419695946874780919, guid: e42b6d465b98a5d4095c8059e3d79d17,
        type: 3}
      propertyPath: m_LocalEulerAnglesHint.z
      value: 0
      objectReference: {fileID: 0}
    m_RemovedComponents: []
  m_SourcePrefab: {fileID: 100100000, guid: e42b6d465b98a5d4095c8059e3d79d17, type: 3}
--- !u!1001 &881461529
PrefabInstance:
  m_ObjectHideFlags: 0
  serializedVersion: 2
  m_Modification:
    m_TransformParent: {fileID: 1175725684}
    m_Modifications:
    - target: {fileID: 419695946874780921, guid: e42b6d465b98a5d4095c8059e3d79d17,
        type: 3}
      propertyPath: m_Name
      value: UnbreakableBlock (1)
      objectReference: {fileID: 0}
    - target: {fileID: 419695946874780919, guid: e42b6d465b98a5d4095c8059e3d79d17,
        type: 3}
      propertyPath: m_LocalPosition.x
      value: 0.4204216
      objectReference: {fileID: 0}
    - target: {fileID: 419695946874780919, guid: e42b6d465b98a5d4095c8059e3d79d17,
        type: 3}
      propertyPath: m_LocalPosition.y
      value: 9.585773
      objectReference: {fileID: 0}
    - target: {fileID: 419695946874780919, guid: e42b6d465b98a5d4095c8059e3d79d17,
        type: 3}
      propertyPath: m_LocalPosition.z
      value: 0
      objectReference: {fileID: 0}
    - target: {fileID: 419695946874780919, guid: e42b6d465b98a5d4095c8059e3d79d17,
        type: 3}
      propertyPath: m_LocalRotation.x
      value: -0
      objectReference: {fileID: 0}
    - target: {fileID: 419695946874780919, guid: e42b6d465b98a5d4095c8059e3d79d17,
        type: 3}
      propertyPath: m_LocalRotation.y
      value: -0
      objectReference: {fileID: 0}
    - target: {fileID: 419695946874780919, guid: e42b6d465b98a5d4095c8059e3d79d17,
        type: 3}
      propertyPath: m_LocalRotation.z
      value: -0
      objectReference: {fileID: 0}
    - target: {fileID: 419695946874780919, guid: e42b6d465b98a5d4095c8059e3d79d17,
        type: 3}
      propertyPath: m_LocalRotation.w
      value: 1
      objectReference: {fileID: 0}
    - target: {fileID: 419695946874780919, guid: e42b6d465b98a5d4095c8059e3d79d17,
        type: 3}
      propertyPath: m_RootOrder
      value: 10
      objectReference: {fileID: 0}
    - target: {fileID: 419695946874780919, guid: e42b6d465b98a5d4095c8059e3d79d17,
        type: 3}
      propertyPath: m_LocalEulerAnglesHint.x
      value: 0
      objectReference: {fileID: 0}
    - target: {fileID: 419695946874780919, guid: e42b6d465b98a5d4095c8059e3d79d17,
        type: 3}
      propertyPath: m_LocalEulerAnglesHint.y
      value: 0
      objectReference: {fileID: 0}
    - target: {fileID: 419695946874780919, guid: e42b6d465b98a5d4095c8059e3d79d17,
        type: 3}
      propertyPath: m_LocalEulerAnglesHint.z
      value: 0
      objectReference: {fileID: 0}
    m_RemovedComponents: []
  m_SourcePrefab: {fileID: 100100000, guid: e42b6d465b98a5d4095c8059e3d79d17, type: 3}
--- !u!1 &958944821
GameObject:
  m_ObjectHideFlags: 0
  m_CorrespondingSourceObject: {fileID: 0}
  m_PrefabInstance: {fileID: 0}
  m_PrefabAsset: {fileID: 0}
  serializedVersion: 6
  m_Component:
  - component: {fileID: 958944823}
  - component: {fileID: 958944822}
  - component: {fileID: 958944825}
  - component: {fileID: 958944824}
  m_Layer: 0
  m_Name: Side Colliders
  m_TagString: Untagged
  m_Icon: {fileID: 0}
  m_NavMeshLayer: 0
  m_StaticEditorFlags: 0
  m_IsActive: 1
--- !u!61 &958944822
BoxCollider2D:
  m_ObjectHideFlags: 0
  m_CorrespondingSourceObject: {fileID: 0}
  m_PrefabInstance: {fileID: 0}
  m_PrefabAsset: {fileID: 0}
  m_GameObject: {fileID: 958944821}
  m_Enabled: 1
  m_Density: 1
  m_Material: {fileID: 0}
  m_IsTrigger: 0
  m_UsedByEffector: 0
  m_UsedByComposite: 0
  m_Offset: {x: 8.5, y: -2}
  m_SpriteTilingProperty:
    border: {x: 0, y: 0, z: 0, w: 0}
    pivot: {x: 0, y: 0}
    oldSize: {x: 0, y: 0}
    newSize: {x: 0, y: 0}
    adaptiveTilingThreshold: 0
    drawMode: 0
    adaptiveTiling: 0
  m_AutoTiling: 0
  serializedVersion: 2
  m_Size: {x: 1, y: 12}
  m_EdgeRadius: 0
--- !u!4 &958944823
Transform:
  m_ObjectHideFlags: 0
  m_CorrespondingSourceObject: {fileID: 0}
  m_PrefabInstance: {fileID: 0}
  m_PrefabAsset: {fileID: 0}
  m_GameObject: {fileID: 958944821}
  m_LocalRotation: {x: -0, y: -0, z: -0, w: 1}
  m_LocalPosition: {x: -4.2908983, y: -1.5602169, z: -147.92062}
  m_LocalScale: {x: 1, y: 1, z: 1}
  m_Children: []
  m_Father: {fileID: 2008890048}
  m_RootOrder: 0
  m_LocalEulerAnglesHint: {x: 0, y: 0, z: 0}
--- !u!61 &958944824
BoxCollider2D:
  m_ObjectHideFlags: 0
  m_CorrespondingSourceObject: {fileID: 0}
  m_PrefabInstance: {fileID: 0}
  m_PrefabAsset: {fileID: 0}
  m_GameObject: {fileID: 958944821}
  m_Enabled: 1
  m_Density: 1
  m_Material: {fileID: 0}
  m_IsTrigger: 0
  m_UsedByEffector: 0
  m_UsedByComposite: 0
  m_Offset: {x: 0, y: 4.5}
  m_SpriteTilingProperty:
    border: {x: 0, y: 0, z: 0, w: 0}
    pivot: {x: 0, y: 0}
    oldSize: {x: 0, y: 0}
    newSize: {x: 0, y: 0}
    adaptiveTilingThreshold: 0
    drawMode: 0
    adaptiveTiling: 0
  m_AutoTiling: 0
  serializedVersion: 2
  m_Size: {x: 16, y: 1}
  m_EdgeRadius: 0
--- !u!61 &958944825
BoxCollider2D:
  m_ObjectHideFlags: 0
  m_CorrespondingSourceObject: {fileID: 0}
  m_PrefabInstance: {fileID: 0}
  m_PrefabAsset: {fileID: 0}
  m_GameObject: {fileID: 958944821}
  m_Enabled: 1
  m_Density: 1
  m_Material: {fileID: 0}
  m_IsTrigger: 0
  m_UsedByEffector: 0
  m_UsedByComposite: 0
  m_Offset: {x: -8.5, y: -2}
  m_SpriteTilingProperty:
    border: {x: 0, y: 0, z: 0, w: 0}
    pivot: {x: 0, y: 0}
    oldSize: {x: 0, y: 0}
    newSize: {x: 0, y: 0}
    adaptiveTilingThreshold: 0
    drawMode: 0
    adaptiveTiling: 0
  m_AutoTiling: 0
  serializedVersion: 2
  m_Size: {x: 1, y: 12}
  m_EdgeRadius: 0
--- !u!1001 &968284724
PrefabInstance:
  m_ObjectHideFlags: 0
  serializedVersion: 2
  m_Modification:
    m_TransformParent: {fileID: 1175725684}
    m_Modifications:
    - target: {fileID: 419695946874780921, guid: e42b6d465b98a5d4095c8059e3d79d17,
        type: 3}
      propertyPath: m_Name
      value: UnbreakableBlock (7)
      objectReference: {fileID: 0}
    - target: {fileID: 419695946874780919, guid: e42b6d465b98a5d4095c8059e3d79d17,
        type: 3}
      propertyPath: m_LocalPosition.x
      value: 4.3
      objectReference: {fileID: 0}
    - target: {fileID: 419695946874780919, guid: e42b6d465b98a5d4095c8059e3d79d17,
        type: 3}
      propertyPath: m_LocalPosition.y
      value: 10.74
      objectReference: {fileID: 0}
    - target: {fileID: 419695946874780919, guid: e42b6d465b98a5d4095c8059e3d79d17,
        type: 3}
      propertyPath: m_LocalPosition.z
      value: 0
      objectReference: {fileID: 0}
    - target: {fileID: 419695946874780919, guid: e42b6d465b98a5d4095c8059e3d79d17,
        type: 3}
      propertyPath: m_LocalRotation.x
      value: -0
      objectReference: {fileID: 0}
    - target: {fileID: 419695946874780919, guid: e42b6d465b98a5d4095c8059e3d79d17,
        type: 3}
      propertyPath: m_LocalRotation.y
      value: -0
      objectReference: {fileID: 0}
    - target: {fileID: 419695946874780919, guid: e42b6d465b98a5d4095c8059e3d79d17,
        type: 3}
      propertyPath: m_LocalRotation.z
      value: -0
      objectReference: {fileID: 0}
    - target: {fileID: 419695946874780919, guid: e42b6d465b98a5d4095c8059e3d79d17,
        type: 3}
      propertyPath: m_LocalRotation.w
      value: 1
      objectReference: {fileID: 0}
    - target: {fileID: 419695946874780919, guid: e42b6d465b98a5d4095c8059e3d79d17,
        type: 3}
      propertyPath: m_RootOrder
      value: 15
      objectReference: {fileID: 0}
    - target: {fileID: 419695946874780919, guid: e42b6d465b98a5d4095c8059e3d79d17,
        type: 3}
      propertyPath: m_LocalEulerAnglesHint.x
      value: 0
      objectReference: {fileID: 0}
    - target: {fileID: 419695946874780919, guid: e42b6d465b98a5d4095c8059e3d79d17,
        type: 3}
      propertyPath: m_LocalEulerAnglesHint.y
      value: 0
      objectReference: {fileID: 0}
    - target: {fileID: 419695946874780919, guid: e42b6d465b98a5d4095c8059e3d79d17,
        type: 3}
      propertyPath: m_LocalEulerAnglesHint.z
      value: 0
      objectReference: {fileID: 0}
    m_RemovedComponents: []
  m_SourcePrefab: {fileID: 100100000, guid: e42b6d465b98a5d4095c8059e3d79d17, type: 3}
--- !u!4 &996582073 stripped
Transform:
  m_CorrespondingSourceObject: {fileID: 419695946874780919, guid: 61ce78072f759ac4f84af8cbcff9639a,
    type: 3}
  m_PrefabInstance: {fileID: 1399633982}
  m_PrefabAsset: {fileID: 0}
--- !u!1 &1001924858
GameObject:
  m_ObjectHideFlags: 0
  m_CorrespondingSourceObject: {fileID: 0}
  m_PrefabInstance: {fileID: 0}
  m_PrefabAsset: {fileID: 0}
  serializedVersion: 6
  m_Component:
  - component: {fileID: 1001924861}
  - component: {fileID: 1001924860}
  - component: {fileID: 1001924859}
  m_Layer: 0
  m_Name: EventSystem
  m_TagString: Untagged
  m_Icon: {fileID: 0}
  m_NavMeshLayer: 0
  m_StaticEditorFlags: 0
  m_IsActive: 1
--- !u!114 &1001924859
MonoBehaviour:
  m_ObjectHideFlags: 0
  m_CorrespondingSourceObject: {fileID: 0}
  m_PrefabInstance: {fileID: 0}
  m_PrefabAsset: {fileID: 0}
  m_GameObject: {fileID: 1001924858}
  m_Enabled: 1
  m_EditorHideFlags: 0
  m_Script: {fileID: 1077351063, guid: f70555f144d8491a825f0804e09c671c, type: 3}
  m_Name: 
  m_EditorClassIdentifier: 
  m_HorizontalAxis: Horizontal
  m_VerticalAxis: Vertical
  m_SubmitButton: Submit
  m_CancelButton: Cancel
  m_InputActionsPerSecond: 10
  m_RepeatDelay: 0.5
  m_ForceModuleActive: 0
--- !u!114 &1001924860
MonoBehaviour:
  m_ObjectHideFlags: 0
  m_CorrespondingSourceObject: {fileID: 0}
  m_PrefabInstance: {fileID: 0}
  m_PrefabAsset: {fileID: 0}
  m_GameObject: {fileID: 1001924858}
  m_Enabled: 1
  m_EditorHideFlags: 0
  m_Script: {fileID: -619905303, guid: f70555f144d8491a825f0804e09c671c, type: 3}
  m_Name: 
  m_EditorClassIdentifier: 
  m_FirstSelected: {fileID: 0}
  m_sendNavigationEvents: 1
  m_DragThreshold: 10
--- !u!4 &1001924861
Transform:
  m_ObjectHideFlags: 0
  m_CorrespondingSourceObject: {fileID: 0}
  m_PrefabInstance: {fileID: 0}
  m_PrefabAsset: {fileID: 0}
  m_GameObject: {fileID: 1001924858}
  m_LocalRotation: {x: 0, y: 0, z: 0, w: 1}
  m_LocalPosition: {x: 0, y: 0, z: 0}
  m_LocalScale: {x: 1, y: 1, z: 1}
  m_Children: []
  m_Father: {fileID: 0}
  m_RootOrder: 0
  m_LocalEulerAnglesHint: {x: 0, y: 0, z: 0}
--- !u!4 &1018648165 stripped
Transform:
  m_CorrespondingSourceObject: {fileID: 419695946874780919, guid: e42b6d465b98a5d4095c8059e3d79d17,
    type: 3}
  m_PrefabInstance: {fileID: 825607574}
  m_PrefabAsset: {fileID: 0}
--- !u!4 &1031094806 stripped
Transform:
  m_CorrespondingSourceObject: {fileID: 419695946874780919, guid: 61ce78072f759ac4f84af8cbcff9639a,
    type: 3}
  m_PrefabInstance: {fileID: 122638323}
  m_PrefabAsset: {fileID: 0}
--- !u!4 &1107275267 stripped
Transform:
  m_CorrespondingSourceObject: {fileID: 419695946874780919, guid: 61ce78072f759ac4f84af8cbcff9639a,
    type: 3}
  m_PrefabInstance: {fileID: 1971631102}
  m_PrefabAsset: {fileID: 0}
--- !u!1 &1175725683
GameObject:
  m_ObjectHideFlags: 0
  m_CorrespondingSourceObject: {fileID: 0}
  m_PrefabInstance: {fileID: 0}
  m_PrefabAsset: {fileID: 0}
  serializedVersion: 6
  m_Component:
  - component: {fileID: 1175725684}
  m_Layer: 0
  m_Name: Blocks
  m_TagString: Untagged
  m_Icon: {fileID: 0}
  m_NavMeshLayer: 0
  m_StaticEditorFlags: 0
  m_IsActive: 1
--- !u!4 &1175725684
Transform:
  m_ObjectHideFlags: 0
  m_CorrespondingSourceObject: {fileID: 0}
  m_PrefabInstance: {fileID: 0}
  m_PrefabAsset: {fileID: 0}
  m_GameObject: {fileID: 1175725683}
  m_LocalRotation: {x: 0, y: 0, z: 0, w: 1}
  m_LocalPosition: {x: 0, y: 0, z: 0}
  m_LocalScale: {x: 1, y: 1, z: 1}
  m_Children:
  - {fileID: 533497119}
  - {fileID: 14022720}
  - {fileID: 2095147278}
  - {fileID: 451087642}
  - {fileID: 421846497}
  - {fileID: 1586041933}
  - {fileID: 996582073}
  - {fileID: 1031094806}
  - {fileID: 671491228}
  - {fileID: 1927835761}
  - {fileID: 1624038752}
  - {fileID: 1018648165}
  - {fileID: 1573441387}
  - {fileID: 1250062421}
  - {fileID: 1869648608}
  - {fileID: 1440726691}
  - {fileID: 481293451}
  - {fileID: 1107275267}
  - {fileID: 1936667775}
  - {fileID: 1818670510}
  m_Father: {fileID: 1631903184}
  m_RootOrder: 2
  m_LocalEulerAnglesHint: {x: 0, y: 0, z: 0}
--- !u!4 &1250062421 stripped
Transform:
  m_CorrespondingSourceObject: {fileID: 419695946874780919, guid: e42b6d465b98a5d4095c8059e3d79d17,
    type: 3}
  m_PrefabInstance: {fileID: 857532473}
  m_PrefabAsset: {fileID: 0}
--- !u!1001 &1331526854
PrefabInstance:
  m_ObjectHideFlags: 0
  serializedVersion: 2
  m_Modification:
    m_TransformParent: {fileID: 0}
    m_Modifications:
    - target: {fileID: 8054704542957244675, guid: 2cdd47c266de96547ab422925ef7801e,
        type: 3}
      propertyPath: m_Name
      value: GameCamera
      objectReference: {fileID: 0}
    - target: {fileID: 8054704542957244927, guid: 2cdd47c266de96547ab422925ef7801e,
        type: 3}
      propertyPath: m_LocalPosition.x
      value: 8
      objectReference: {fileID: 0}
    - target: {fileID: 8054704542957244927, guid: 2cdd47c266de96547ab422925ef7801e,
        type: 3}
      propertyPath: m_LocalPosition.y
      value: 6
      objectReference: {fileID: 0}
    - target: {fileID: 8054704542957244927, guid: 2cdd47c266de96547ab422925ef7801e,
        type: 3}
      propertyPath: m_LocalPosition.z
      value: -10
      objectReference: {fileID: 0}
    - target: {fileID: 8054704542957244927, guid: 2cdd47c266de96547ab422925ef7801e,
        type: 3}
      propertyPath: m_LocalRotation.x
      value: 0
      objectReference: {fileID: 0}
    - target: {fileID: 8054704542957244927, guid: 2cdd47c266de96547ab422925ef7801e,
        type: 3}
      propertyPath: m_LocalRotation.y
      value: 0
      objectReference: {fileID: 0}
    - target: {fileID: 8054704542957244927, guid: 2cdd47c266de96547ab422925ef7801e,
        type: 3}
      propertyPath: m_LocalRotation.z
      value: 0
      objectReference: {fileID: 0}
    - target: {fileID: 8054704542957244927, guid: 2cdd47c266de96547ab422925ef7801e,
        type: 3}
      propertyPath: m_LocalRotation.w
      value: 1
      objectReference: {fileID: 0}
    - target: {fileID: 8054704542957244927, guid: 2cdd47c266de96547ab422925ef7801e,
        type: 3}
      propertyPath: m_RootOrder
      value: 4
      objectReference: {fileID: 0}
    - target: {fileID: 8054704542957244927, guid: 2cdd47c266de96547ab422925ef7801e,
        type: 3}
      propertyPath: m_LocalEulerAnglesHint.x
      value: 0
      objectReference: {fileID: 0}
    - target: {fileID: 8054704542957244927, guid: 2cdd47c266de96547ab422925ef7801e,
        type: 3}
      propertyPath: m_LocalEulerAnglesHint.y
      value: 0
      objectReference: {fileID: 0}
    - target: {fileID: 8054704542957244927, guid: 2cdd47c266de96547ab422925ef7801e,
        type: 3}
      propertyPath: m_LocalEulerAnglesHint.z
      value: 0
      objectReference: {fileID: 0}
    m_RemovedComponents: []
  m_SourcePrefab: {fileID: 100100000, guid: 2cdd47c266de96547ab422925ef7801e, type: 3}
--- !u!1001 &1399633982
PrefabInstance:
  m_ObjectHideFlags: 0
  serializedVersion: 2
  m_Modification:
    m_TransformParent: {fileID: 1175725684}
    m_Modifications:
    - target: {fileID: 419695946874780921, guid: 61ce78072f759ac4f84af8cbcff9639a,
        type: 3}
      propertyPath: m_Name
      value: One Hit Block (1)
      objectReference: {fileID: 0}
    - target: {fileID: 419695946874780919, guid: 61ce78072f759ac4f84af8cbcff9639a,
        type: 3}
      propertyPath: m_LocalPosition.x
      value: 6.6846223
      objectReference: {fileID: 0}
    - target: {fileID: 419695946874780919, guid: 61ce78072f759ac4f84af8cbcff9639a,
        type: 3}
      propertyPath: m_LocalPosition.y
      value: 5.6870756
      objectReference: {fileID: 0}
    - target: {fileID: 419695946874780919, guid: 61ce78072f759ac4f84af8cbcff9639a,
        type: 3}
      propertyPath: m_LocalPosition.z
      value: 0
      objectReference: {fileID: 0}
    - target: {fileID: 419695946874780919, guid: 61ce78072f759ac4f84af8cbcff9639a,
        type: 3}
      propertyPath: m_LocalRotation.x
      value: -0
      objectReference: {fileID: 0}
    - target: {fileID: 419695946874780919, guid: 61ce78072f759ac4f84af8cbcff9639a,
        type: 3}
      propertyPath: m_LocalRotation.y
      value: -0
      objectReference: {fileID: 0}
    - target: {fileID: 419695946874780919, guid: 61ce78072f759ac4f84af8cbcff9639a,
        type: 3}
      propertyPath: m_LocalRotation.z
      value: -0
      objectReference: {fileID: 0}
    - target: {fileID: 419695946874780919, guid: 61ce78072f759ac4f84af8cbcff9639a,
        type: 3}
      propertyPath: m_LocalRotation.w
      value: 1
      objectReference: {fileID: 0}
    - target: {fileID: 419695946874780919, guid: 61ce78072f759ac4f84af8cbcff9639a,
        type: 3}
      propertyPath: m_RootOrder
      value: 6
      objectReference: {fileID: 0}
    - target: {fileID: 419695946874780919, guid: 61ce78072f759ac4f84af8cbcff9639a,
        type: 3}
      propertyPath: m_LocalEulerAnglesHint.x
      value: 0
      objectReference: {fileID: 0}
    - target: {fileID: 419695946874780919, guid: 61ce78072f759ac4f84af8cbcff9639a,
        type: 3}
      propertyPath: m_LocalEulerAnglesHint.y
      value: 0
      objectReference: {fileID: 0}
    - target: {fileID: 419695946874780919, guid: 61ce78072f759ac4f84af8cbcff9639a,
        type: 3}
      propertyPath: m_LocalEulerAnglesHint.z
      value: 0
      objectReference: {fileID: 0}
    m_RemovedComponents: []
  m_SourcePrefab: {fileID: 100100000, guid: 61ce78072f759ac4f84af8cbcff9639a, type: 3}
--- !u!114 &1414889669 stripped
MonoBehaviour:
  m_CorrespondingSourceObject: {fileID: 2344961654572506979, guid: 139269bdca734dc47801d45678543b18,
    type: 3}
  m_PrefabInstance: {fileID: 7807819790283723292}
  m_PrefabAsset: {fileID: 0}
  m_GameObject: {fileID: 0}
  m_Enabled: 1
  m_EditorHideFlags: 0
  m_Script: {fileID: 11500000, guid: f4688fdb7df04437aeb418b961361dc5, type: 3}
  m_Name: 
  m_EditorClassIdentifier: 
--- !u!4 &1440726691 stripped
Transform:
  m_CorrespondingSourceObject: {fileID: 419695946874780919, guid: e42b6d465b98a5d4095c8059e3d79d17,
    type: 3}
  m_PrefabInstance: {fileID: 2121924475}
  m_PrefabAsset: {fileID: 0}
--- !u!4 &1573441387 stripped
Transform:
  m_CorrespondingSourceObject: {fileID: 419695946874780919, guid: ed15efeb8da04b4488c5df18dfd73545,
    type: 3}
  m_PrefabInstance: {fileID: 1872893267}
  m_PrefabAsset: {fileID: 0}
--- !u!4 &1586041933 stripped
Transform:
  m_CorrespondingSourceObject: {fileID: 419695946874780919, guid: 61ce78072f759ac4f84af8cbcff9639a,
    type: 3}
  m_PrefabInstance: {fileID: 633440687}
  m_PrefabAsset: {fileID: 0}
--- !u!4 &1589838077 stripped
Transform:
  m_CorrespondingSourceObject: {fileID: 4034274967326683512, guid: b942f681d71499f4c84dba369115b0f9,
    type: 3}
  m_PrefabInstance: {fileID: 4034274966206869893}
  m_PrefabAsset: {fileID: 0}
--- !u!114 &1589838080 stripped
MonoBehaviour:
  m_CorrespondingSourceObject: {fileID: 4034274967326683269, guid: b942f681d71499f4c84dba369115b0f9,
    type: 3}
  m_PrefabInstance: {fileID: 4034274966206869893}
  m_PrefabAsset: {fileID: 0}
  m_GameObject: {fileID: 0}
  m_Enabled: 1
  m_EditorHideFlags: 0
  m_Script: {fileID: 11500000, guid: 3bfb91d7c18490747b4e639ea5aeaf44, type: 3}
  m_Name: 
  m_EditorClassIdentifier: 
--- !u!1001 &1622790983
PrefabInstance:
  m_ObjectHideFlags: 0
  serializedVersion: 2
  m_Modification:
    m_TransformParent: {fileID: 0}
    m_Modifications:
    - target: {fileID: 5442488856067694334, guid: adee51a5ed5e1764c8436d1991cbb7d3,
        type: 3}
      propertyPath: m_Name
      value: Scene Loader
      objectReference: {fileID: 0}
    - target: {fileID: 5442488856067694320, guid: adee51a5ed5e1764c8436d1991cbb7d3,
        type: 3}
      propertyPath: m_LocalPosition.x
      value: 0.000030517578
      objectReference: {fileID: 0}
    - target: {fileID: 5442488856067694320, guid: adee51a5ed5e1764c8436d1991cbb7d3,
        type: 3}
      propertyPath: m_LocalPosition.y
      value: 0
      objectReference: {fileID: 0}
    - target: {fileID: 5442488856067694320, guid: adee51a5ed5e1764c8436d1991cbb7d3,
        type: 3}
      propertyPath: m_LocalPosition.z
      value: 0
      objectReference: {fileID: 0}
    - target: {fileID: 5442488856067694320, guid: adee51a5ed5e1764c8436d1991cbb7d3,
        type: 3}
      propertyPath: m_LocalRotation.x
      value: -0
      objectReference: {fileID: 0}
    - target: {fileID: 5442488856067694320, guid: adee51a5ed5e1764c8436d1991cbb7d3,
        type: 3}
      propertyPath: m_LocalRotation.y
      value: -0
      objectReference: {fileID: 0}
    - target: {fileID: 5442488856067694320, guid: adee51a5ed5e1764c8436d1991cbb7d3,
        type: 3}
      propertyPath: m_LocalRotation.z
      value: -0
      objectReference: {fileID: 0}
    - target: {fileID: 5442488856067694320, guid: adee51a5ed5e1764c8436d1991cbb7d3,
        type: 3}
      propertyPath: m_LocalRotation.w
      value: 1
      objectReference: {fileID: 0}
    - target: {fileID: 5442488856067694320, guid: adee51a5ed5e1764c8436d1991cbb7d3,
        type: 3}
      propertyPath: m_RootOrder
      value: 3
      objectReference: {fileID: 0}
    - target: {fileID: 5442488856067694320, guid: adee51a5ed5e1764c8436d1991cbb7d3,
        type: 3}
      propertyPath: m_LocalEulerAnglesHint.x
      value: 0
      objectReference: {fileID: 0}
    - target: {fileID: 5442488856067694320, guid: adee51a5ed5e1764c8436d1991cbb7d3,
        type: 3}
      propertyPath: m_LocalEulerAnglesHint.y
      value: 0
      objectReference: {fileID: 0}
    - target: {fileID: 5442488856067694320, guid: adee51a5ed5e1764c8436d1991cbb7d3,
        type: 3}
      propertyPath: m_LocalEulerAnglesHint.z
      value: 0
      objectReference: {fileID: 0}
    m_RemovedComponents: []
  m_SourcePrefab: {fileID: 100100000, guid: adee51a5ed5e1764c8436d1991cbb7d3, type: 3}
--- !u!4 &1624038752 stripped
Transform:
  m_CorrespondingSourceObject: {fileID: 419695946874780919, guid: e42b6d465b98a5d4095c8059e3d79d17,
    type: 3}
  m_PrefabInstance: {fileID: 881461529}
  m_PrefabAsset: {fileID: 0}
--- !u!1 &1631903183
GameObject:
  m_ObjectHideFlags: 0
  m_CorrespondingSourceObject: {fileID: 0}
  m_PrefabInstance: {fileID: 0}
  m_PrefabAsset: {fileID: 0}
  serializedVersion: 6
  m_Component:
  - component: {fileID: 1631903184}
  m_Layer: 0
  m_Name: GameObjects
  m_TagString: Untagged
  m_Icon: {fileID: 0}
  m_NavMeshLayer: 0
  m_StaticEditorFlags: 0
  m_IsActive: 1
--- !u!4 &1631903184
Transform:
  m_ObjectHideFlags: 0
  m_CorrespondingSourceObject: {fileID: 0}
  m_PrefabInstance: {fileID: 0}
  m_PrefabAsset: {fileID: 0}
  m_GameObject: {fileID: 1631903183}
  m_LocalRotation: {x: 0, y: 0, z: 0, w: 1}
  m_LocalPosition: {x: 0, y: 0, z: 0}
  m_LocalScale: {x: 1, y: 1, z: 1}
  m_Children:
  - {fileID: 2008388642}
  - {fileID: 1589838077}
  - {fileID: 1175725684}
  m_Father: {fileID: 0}
  m_RootOrder: 6
  m_LocalEulerAnglesHint: {x: 0, y: 0, z: 0}
--- !u!1001 &1755581794
PrefabInstance:
  m_ObjectHideFlags: 0
  serializedVersion: 2
  m_Modification:
    m_TransformParent: {fileID: 1175725684}
    m_Modifications:
    - target: {fileID: 419695946874780921, guid: e42b6d465b98a5d4095c8059e3d79d17,
        type: 3}
      propertyPath: m_Name
      value: UnbreakableBlock (2)
      objectReference: {fileID: 0}
    - target: {fileID: 419695946874780919, guid: e42b6d465b98a5d4095c8059e3d79d17,
        type: 3}
      propertyPath: m_LocalPosition.x
      value: 3.5525222
      objectReference: {fileID: 0}
    - target: {fileID: 419695946874780919, guid: e42b6d465b98a5d4095c8059e3d79d17,
        type: 3}
      propertyPath: m_LocalPosition.y
      value: 5.4899507
      objectReference: {fileID: 0}
    - target: {fileID: 419695946874780919, guid: e42b6d465b98a5d4095c8059e3d79d17,
        type: 3}
      propertyPath: m_LocalPosition.z
      value: 0
      objectReference: {fileID: 0}
    - target: {fileID: 419695946874780919, guid: e42b6d465b98a5d4095c8059e3d79d17,
        type: 3}
      propertyPath: m_LocalRotation.x
      value: -0
      objectReference: {fileID: 0}
    - target: {fileID: 419695946874780919, guid: e42b6d465b98a5d4095c8059e3d79d17,
        type: 3}
      propertyPath: m_LocalRotation.y
      value: -0
      objectReference: {fileID: 0}
    - target: {fileID: 419695946874780919, guid: e42b6d465b98a5d4095c8059e3d79d17,
        type: 3}
      propertyPath: m_LocalRotation.z
      value: -0
      objectReference: {fileID: 0}
    - target: {fileID: 419695946874780919, guid: e42b6d465b98a5d4095c8059e3d79d17,
        type: 3}
      propertyPath: m_LocalRotation.w
      value: 1
      objectReference: {fileID: 0}
    - target: {fileID: 419695946874780919, guid: e42b6d465b98a5d4095c8059e3d79d17,
        type: 3}
      propertyPath: m_RootOrder
      value: 9
      objectReference: {fileID: 0}
    - target: {fileID: 419695946874780919, guid: e42b6d465b98a5d4095c8059e3d79d17,
        type: 3}
      propertyPath: m_LocalEulerAnglesHint.x
      value: 0
      objectReference: {fileID: 0}
    - target: {fileID: 419695946874780919, guid: e42b6d465b98a5d4095c8059e3d79d17,
        type: 3}
      propertyPath: m_LocalEulerAnglesHint.y
      value: 0
      objectReference: {fileID: 0}
    - target: {fileID: 419695946874780919, guid: e42b6d465b98a5d4095c8059e3d79d17,
        type: 3}
      propertyPath: m_LocalEulerAnglesHint.z
      value: 0
      objectReference: {fileID: 0}
    m_RemovedComponents: []
  m_SourcePrefab: {fileID: 100100000, guid: e42b6d465b98a5d4095c8059e3d79d17, type: 3}
--- !u!4 &1818670510 stripped
Transform:
  m_CorrespondingSourceObject: {fileID: 419695946874780919, guid: ed15efeb8da04b4488c5df18dfd73545,
    type: 3}
  m_PrefabInstance: {fileID: 551804144}
  m_PrefabAsset: {fileID: 0}
--- !u!1001 &1845894902
PrefabInstance:
  m_ObjectHideFlags: 0
  serializedVersion: 2
  m_Modification:
    m_TransformParent: {fileID: 1175725684}
    m_Modifications:
    - target: {fileID: 419695946874780921, guid: 61ce78072f759ac4f84af8cbcff9639a,
        type: 3}
      propertyPath: m_Name
      value: One Hit Block (3)
      objectReference: {fileID: 0}
    - target: {fileID: 419695946874780919, guid: 61ce78072f759ac4f84af8cbcff9639a,
        type: 3}
      propertyPath: m_LocalPosition.x
      value: 8.68
      objectReference: {fileID: 0}
    - target: {fileID: 419695946874780919, guid: 61ce78072f759ac4f84af8cbcff9639a,
        type: 3}
      propertyPath: m_LocalPosition.y
      value: 5.6870756
      objectReference: {fileID: 0}
    - target: {fileID: 419695946874780919, guid: 61ce78072f759ac4f84af8cbcff9639a,
        type: 3}
      propertyPath: m_LocalPosition.z
      value: 0
      objectReference: {fileID: 0}
    - target: {fileID: 419695946874780919, guid: 61ce78072f759ac4f84af8cbcff9639a,
        type: 3}
      propertyPath: m_LocalRotation.x
      value: -0
      objectReference: {fileID: 0}
    - target: {fileID: 419695946874780919, guid: 61ce78072f759ac4f84af8cbcff9639a,
        type: 3}
      propertyPath: m_LocalRotation.y
      value: -0
      objectReference: {fileID: 0}
    - target: {fileID: 419695946874780919, guid: 61ce78072f759ac4f84af8cbcff9639a,
        type: 3}
      propertyPath: m_LocalRotation.z
      value: -0
      objectReference: {fileID: 0}
    - target: {fileID: 419695946874780919, guid: 61ce78072f759ac4f84af8cbcff9639a,
        type: 3}
      propertyPath: m_LocalRotation.w
      value: 1
      objectReference: {fileID: 0}
    - target: {fileID: 419695946874780919, guid: 61ce78072f759ac4f84af8cbcff9639a,
        type: 3}
      propertyPath: m_RootOrder
      value: 3
      objectReference: {fileID: 0}
    - target: {fileID: 419695946874780919, guid: 61ce78072f759ac4f84af8cbcff9639a,
        type: 3}
      propertyPath: m_LocalEulerAnglesHint.x
      value: 0
      objectReference: {fileID: 0}
    - target: {fileID: 419695946874780919, guid: 61ce78072f759ac4f84af8cbcff9639a,
        type: 3}
      propertyPath: m_LocalEulerAnglesHint.y
      value: 0
      objectReference: {fileID: 0}
    - target: {fileID: 419695946874780919, guid: 61ce78072f759ac4f84af8cbcff9639a,
        type: 3}
      propertyPath: m_LocalEulerAnglesHint.z
      value: 0
      objectReference: {fileID: 0}
    m_RemovedComponents: []
  m_SourcePrefab: {fileID: 100100000, guid: 61ce78072f759ac4f84af8cbcff9639a, type: 3}
--- !u!4 &1869648608 stripped
Transform:
  m_CorrespondingSourceObject: {fileID: 419695946874780919, guid: e42b6d465b98a5d4095c8059e3d79d17,
    type: 3}
  m_PrefabInstance: {fileID: 968284724}
  m_PrefabAsset: {fileID: 0}
--- !u!1001 &1872893267
PrefabInstance:
  m_ObjectHideFlags: 0
  serializedVersion: 2
  m_Modification:
    m_TransformParent: {fileID: 1175725684}
    m_Modifications:
    - target: {fileID: 419695946874780921, guid: ed15efeb8da04b4488c5df18dfd73545,
        type: 3}
      propertyPath: m_Name
      value: Three Hit Block
      objectReference: {fileID: 0}
    - target: {fileID: 419695946874780919, guid: ed15efeb8da04b4488c5df18dfd73545,
        type: 3}
      propertyPath: m_LocalPosition.x
      value: 1.64
      objectReference: {fileID: 0}
    - target: {fileID: 419695946874780919, guid: ed15efeb8da04b4488c5df18dfd73545,
        type: 3}
      propertyPath: m_LocalPosition.y
      value: 7.75
      objectReference: {fileID: 0}
    - target: {fileID: 419695946874780919, guid: ed15efeb8da04b4488c5df18dfd73545,
        type: 3}
      propertyPath: m_LocalPosition.z
      value: 0
      objectReference: {fileID: 0}
    - target: {fileID: 419695946874780919, guid: ed15efeb8da04b4488c5df18dfd73545,
        type: 3}
      propertyPath: m_LocalRotation.x
      value: -0
      objectReference: {fileID: 0}
    - target: {fileID: 419695946874780919, guid: ed15efeb8da04b4488c5df18dfd73545,
        type: 3}
      propertyPath: m_LocalRotation.y
      value: -0
      objectReference: {fileID: 0}
    - target: {fileID: 419695946874780919, guid: ed15efeb8da04b4488c5df18dfd73545,
        type: 3}
      propertyPath: m_LocalRotation.z
      value: -0
      objectReference: {fileID: 0}
    - target: {fileID: 419695946874780919, guid: ed15efeb8da04b4488c5df18dfd73545,
        type: 3}
      propertyPath: m_LocalRotation.w
      value: 1
      objectReference: {fileID: 0}
    - target: {fileID: 419695946874780919, guid: ed15efeb8da04b4488c5df18dfd73545,
        type: 3}
      propertyPath: m_RootOrder
      value: 12
      objectReference: {fileID: 0}
    - target: {fileID: 419695946874780919, guid: ed15efeb8da04b4488c5df18dfd73545,
        type: 3}
      propertyPath: m_LocalEulerAnglesHint.x
      value: 0
      objectReference: {fileID: 0}
    - target: {fileID: 419695946874780919, guid: ed15efeb8da04b4488c5df18dfd73545,
        type: 3}
      propertyPath: m_LocalEulerAnglesHint.y
      value: 0
      objectReference: {fileID: 0}
    - target: {fileID: 419695946874780919, guid: ed15efeb8da04b4488c5df18dfd73545,
        type: 3}
      propertyPath: m_LocalEulerAnglesHint.z
      value: 0
      objectReference: {fileID: 0}
    - target: {fileID: 419695946874780919, guid: ed15efeb8da04b4488c5df18dfd73545,
        type: 3}
      propertyPath: m_LocalScale.x
      value: 2
      objectReference: {fileID: 0}
    - target: {fileID: 419695946874780919, guid: ed15efeb8da04b4488c5df18dfd73545,
        type: 3}
      propertyPath: m_LocalScale.y
      value: 2
      objectReference: {fileID: 0}
    m_RemovedComponents: []
  m_SourcePrefab: {fileID: 100100000, guid: ed15efeb8da04b4488c5df18dfd73545, type: 3}
--- !u!4 &1927835761 stripped
Transform:
  m_CorrespondingSourceObject: {fileID: 419695946874780919, guid: e42b6d465b98a5d4095c8059e3d79d17,
    type: 3}
  m_PrefabInstance: {fileID: 1755581794}
  m_PrefabAsset: {fileID: 0}
--- !u!4 &1936667775 stripped
Transform:
  m_CorrespondingSourceObject: {fileID: 419695946874780919, guid: 61ce78072f759ac4f84af8cbcff9639a,
    type: 3}
  m_PrefabInstance: {fileID: 1957577243}
  m_PrefabAsset: {fileID: 0}
--- !u!1001 &1957577243
PrefabInstance:
  m_ObjectHideFlags: 0
  serializedVersion: 2
  m_Modification:
    m_TransformParent: {fileID: 1175725684}
    m_Modifications:
    - target: {fileID: 419695946874780921, guid: 61ce78072f759ac4f84af8cbcff9639a,
        type: 3}
      propertyPath: m_Name
      value: One Hit Block (7)
      objectReference: {fileID: 0}
    - target: {fileID: 419695946874780919, guid: 61ce78072f759ac4f84af8cbcff9639a,
        type: 3}
      propertyPath: m_LocalPosition.x
      value: 10.18
      objectReference: {fileID: 0}
    - target: {fileID: 419695946874780919, guid: 61ce78072f759ac4f84af8cbcff9639a,
        type: 3}
      propertyPath: m_LocalPosition.y
      value: 8.94
      objectReference: {fileID: 0}
    - target: {fileID: 419695946874780919, guid: 61ce78072f759ac4f84af8cbcff9639a,
        type: 3}
      propertyPath: m_LocalPosition.z
      value: 0
      objectReference: {fileID: 0}
    - target: {fileID: 419695946874780919, guid: 61ce78072f759ac4f84af8cbcff9639a,
        type: 3}
      propertyPath: m_LocalRotation.x
      value: -0
      objectReference: {fileID: 0}
    - target: {fileID: 419695946874780919, guid: 61ce78072f759ac4f84af8cbcff9639a,
        type: 3}
      propertyPath: m_LocalRotation.y
      value: -0
      objectReference: {fileID: 0}
    - target: {fileID: 419695946874780919, guid: 61ce78072f759ac4f84af8cbcff9639a,
        type: 3}
      propertyPath: m_LocalRotation.z
      value: -0
      objectReference: {fileID: 0}
    - target: {fileID: 419695946874780919, guid: 61ce78072f759ac4f84af8cbcff9639a,
        type: 3}
      propertyPath: m_LocalRotation.w
      value: 1
      objectReference: {fileID: 0}
    - target: {fileID: 419695946874780919, guid: 61ce78072f759ac4f84af8cbcff9639a,
        type: 3}
      propertyPath: m_RootOrder
      value: 19
      objectReference: {fileID: 0}
    - target: {fileID: 419695946874780919, guid: 61ce78072f759ac4f84af8cbcff9639a,
        type: 3}
      propertyPath: m_LocalEulerAnglesHint.x
      value: 0
      objectReference: {fileID: 0}
    - target: {fileID: 419695946874780919, guid: 61ce78072f759ac4f84af8cbcff9639a,
        type: 3}
      propertyPath: m_LocalEulerAnglesHint.y
      value: 0
      objectReference: {fileID: 0}
    - target: {fileID: 419695946874780919, guid: 61ce78072f759ac4f84af8cbcff9639a,
        type: 3}
      propertyPath: m_LocalEulerAnglesHint.z
      value: 0
      objectReference: {fileID: 0}
    m_RemovedComponents: []
  m_SourcePrefab: {fileID: 100100000, guid: 61ce78072f759ac4f84af8cbcff9639a, type: 3}
--- !u!1001 &1971631102
PrefabInstance:
  m_ObjectHideFlags: 0
  serializedVersion: 2
  m_Modification:
    m_TransformParent: {fileID: 1175725684}
    m_Modifications:
    - target: {fileID: 419695946874780921, guid: 61ce78072f759ac4f84af8cbcff9639a,
        type: 3}
      propertyPath: m_Name
      value: One Hit Block (6)
      objectReference: {fileID: 0}
    - target: {fileID: 419695946874780919, guid: 61ce78072f759ac4f84af8cbcff9639a,
        type: 3}
      propertyPath: m_LocalPosition.x
      value: 5.43
      objectReference: {fileID: 0}
    - target: {fileID: 419695946874780919, guid: 61ce78072f759ac4f84af8cbcff9639a,
        type: 3}
      propertyPath: m_LocalPosition.y
      value: 6.69
      objectReference: {fileID: 0}
    - target: {fileID: 419695946874780919, guid: 61ce78072f759ac4f84af8cbcff9639a,
        type: 3}
      propertyPath: m_LocalPosition.z
      value: 0
      objectReference: {fileID: 0}
    - target: {fileID: 419695946874780919, guid: 61ce78072f759ac4f84af8cbcff9639a,
        type: 3}
      propertyPath: m_LocalRotation.x
      value: -0
      objectReference: {fileID: 0}
    - target: {fileID: 419695946874780919, guid: 61ce78072f759ac4f84af8cbcff9639a,
        type: 3}
      propertyPath: m_LocalRotation.y
      value: -0
      objectReference: {fileID: 0}
    - target: {fileID: 419695946874780919, guid: 61ce78072f759ac4f84af8cbcff9639a,
        type: 3}
      propertyPath: m_LocalRotation.z
      value: -0
      objectReference: {fileID: 0}
    - target: {fileID: 419695946874780919, guid: 61ce78072f759ac4f84af8cbcff9639a,
        type: 3}
      propertyPath: m_LocalRotation.w
      value: 1
      objectReference: {fileID: 0}
    - target: {fileID: 419695946874780919, guid: 61ce78072f759ac4f84af8cbcff9639a,
        type: 3}
      propertyPath: m_RootOrder
      value: 18
      objectReference: {fileID: 0}
    - target: {fileID: 419695946874780919, guid: 61ce78072f759ac4f84af8cbcff9639a,
        type: 3}
      propertyPath: m_LocalEulerAnglesHint.x
      value: 0
      objectReference: {fileID: 0}
    - target: {fileID: 419695946874780919, guid: 61ce78072f759ac4f84af8cbcff9639a,
        type: 3}
      propertyPath: m_LocalEulerAnglesHint.y
      value: 0
      objectReference: {fileID: 0}
    - target: {fileID: 419695946874780919, guid: 61ce78072f759ac4f84af8cbcff9639a,
        type: 3}
      propertyPath: m_LocalEulerAnglesHint.z
      value: 0
      objectReference: {fileID: 0}
    m_RemovedComponents: []
  m_SourcePrefab: {fileID: 100100000, guid: 61ce78072f759ac4f84af8cbcff9639a, type: 3}
--- !u!4 &2008388642 stripped
Transform:
  m_CorrespondingSourceObject: {fileID: 503637759580606906, guid: 990105cde4b54844b850f54a811175b0,
    type: 3}
  m_PrefabInstance: {fileID: 503637759877121432}
  m_PrefabAsset: {fileID: 0}
--- !u!1 &2008890047
GameObject:
  m_ObjectHideFlags: 0
  m_CorrespondingSourceObject: {fileID: 0}
  m_PrefabInstance: {fileID: 0}
  m_PrefabAsset: {fileID: 0}
  serializedVersion: 6
  m_Component:
  - component: {fileID: 2008890048}
  m_Layer: 0
  m_Name: PlaySpace
  m_TagString: Untagged
  m_Icon: {fileID: 0}
  m_NavMeshLayer: 0
  m_StaticEditorFlags: 0
  m_IsActive: 1
--- !u!4 &2008890048
Transform:
  m_ObjectHideFlags: 0
  m_CorrespondingSourceObject: {fileID: 0}
  m_PrefabInstance: {fileID: 0}
  m_PrefabAsset: {fileID: 0}
  m_GameObject: {fileID: 2008890047}
  m_LocalRotation: {x: 0, y: 0, z: 0, w: 1}
  m_LocalPosition: {x: 12.290898, y: 9.560217, z: -10.202461}
  m_LocalScale: {x: 1, y: 1, z: 1}
  m_Children:
  - {fileID: 958944823}
  - {fileID: 2023003290}
  m_Father: {fileID: 0}
  m_RootOrder: 5
  m_LocalEulerAnglesHint: {x: 0, y: 0, z: 0}
--- !u!1 &2023003287
GameObject:
  m_ObjectHideFlags: 0
  m_CorrespondingSourceObject: {fileID: 0}
  m_PrefabInstance: {fileID: 0}
  m_PrefabAsset: {fileID: 0}
  serializedVersion: 6
  m_Component:
  - component: {fileID: 2023003290}
  - component: {fileID: 2023003289}
  - component: {fileID: 2023003288}
  m_Layer: 0
  m_Name: LoseCollider
  m_TagString: Untagged
  m_Icon: {fileID: 0}
  m_NavMeshLayer: 0
  m_StaticEditorFlags: 0
  m_IsActive: 1
--- !u!61 &2023003288
BoxCollider2D:
  m_ObjectHideFlags: 0
  m_CorrespondingSourceObject: {fileID: 0}
  m_PrefabInstance: {fileID: 0}
  m_PrefabAsset: {fileID: 0}
  m_GameObject: {fileID: 2023003287}
  m_Enabled: 1
  m_Density: 1
  m_Material: {fileID: 0}
  m_IsTrigger: 1
  m_UsedByEffector: 0
  m_UsedByComposite: 0
  m_Offset: {x: 8.007039, y: -0.33362675}
  m_SpriteTilingProperty:
    border: {x: 0, y: 0, z: 0, w: 0}
    pivot: {x: 0, y: 0}
    oldSize: {x: 0, y: 0}
    newSize: {x: 0, y: 0}
    adaptiveTilingThreshold: 0
    drawMode: 0
    adaptiveTiling: 0
  m_AutoTiling: 0
  serializedVersion: 2
  m_Size: {x: 17.014078, y: 0.3327465}
  m_EdgeRadius: 0
--- !u!114 &2023003289
MonoBehaviour:
  m_ObjectHideFlags: 0
  m_CorrespondingSourceObject: {fileID: 0}
  m_PrefabInstance: {fileID: 0}
  m_PrefabAsset: {fileID: 0}
  m_GameObject: {fileID: 2023003287}
  m_Enabled: 1
  m_EditorHideFlags: 0
  m_Script: {fileID: 11500000, guid: 545a3b0fa86a6f54895ae194a892f62a, type: 3}
  m_Name: 
  m_EditorClassIdentifier: 
--- !u!4 &2023003290
Transform:
  m_ObjectHideFlags: 0
  m_CorrespondingSourceObject: {fileID: 0}
  m_PrefabInstance: {fileID: 0}
  m_PrefabAsset: {fileID: 0}
  m_GameObject: {fileID: 2023003287}
  m_LocalRotation: {x: -0, y: -0, z: -0, w: 1}
  m_LocalPosition: {x: -12.290898, y: -9.860217, z: 10.202461}
  m_LocalScale: {x: 1, y: 1, z: 1}
  m_Children: []
  m_Father: {fileID: 2008890048}
  m_RootOrder: 1
  m_LocalEulerAnglesHint: {x: 0, y: 0, z: 0}
--- !u!1001 &2044886765
PrefabInstance:
  m_ObjectHideFlags: 0
  serializedVersion: 2
  m_Modification:
    m_TransformParent: {fileID: 1175725684}
    m_Modifications:
    - target: {fileID: 419695946874780921, guid: e42b6d465b98a5d4095c8059e3d79d17,
        type: 3}
      propertyPath: m_Name
      value: UnbreakableBlock (3)
      objectReference: {fileID: 0}
    - target: {fileID: 419695946874780919, guid: e42b6d465b98a5d4095c8059e3d79d17,
        type: 3}
      propertyPath: m_LocalPosition.x
      value: 3.5525222
      objectReference: {fileID: 0}
    - target: {fileID: 419695946874780919, guid: e42b6d465b98a5d4095c8059e3d79d17,
        type: 3}
      propertyPath: m_LocalPosition.y
      value: 8.74
      objectReference: {fileID: 0}
    - target: {fileID: 419695946874780919, guid: e42b6d465b98a5d4095c8059e3d79d17,
        type: 3}
      propertyPath: m_LocalPosition.z
      value: 0
      objectReference: {fileID: 0}
    - target: {fileID: 419695946874780919, guid: e42b6d465b98a5d4095c8059e3d79d17,
        type: 3}
      propertyPath: m_LocalRotation.x
      value: -0
      objectReference: {fileID: 0}
    - target: {fileID: 419695946874780919, guid: e42b6d465b98a5d4095c8059e3d79d17,
        type: 3}
      propertyPath: m_LocalRotation.y
      value: -0
      objectReference: {fileID: 0}
    - target: {fileID: 419695946874780919, guid: e42b6d465b98a5d4095c8059e3d79d17,
        type: 3}
      propertyPath: m_LocalRotation.z
      value: -0
      objectReference: {fileID: 0}
    - target: {fileID: 419695946874780919, guid: e42b6d465b98a5d4095c8059e3d79d17,
        type: 3}
      propertyPath: m_LocalRotation.w
      value: 1
      objectReference: {fileID: 0}
    - target: {fileID: 419695946874780919, guid: e42b6d465b98a5d4095c8059e3d79d17,
        type: 3}
      propertyPath: m_RootOrder
      value: 0
      objectReference: {fileID: 0}
    - target: {fileID: 419695946874780919, guid: e42b6d465b98a5d4095c8059e3d79d17,
        type: 3}
      propertyPath: m_LocalEulerAnglesHint.x
      value: 0
      objectReference: {fileID: 0}
    - target: {fileID: 419695946874780919, guid: e42b6d465b98a5d4095c8059e3d79d17,
        type: 3}
      propertyPath: m_LocalEulerAnglesHint.y
      value: 0
      objectReference: {fileID: 0}
    - target: {fileID: 419695946874780919, guid: e42b6d465b98a5d4095c8059e3d79d17,
        type: 3}
      propertyPath: m_LocalEulerAnglesHint.z
      value: 0
      objectReference: {fileID: 0}
    m_RemovedComponents: []
  m_SourcePrefab: {fileID: 100100000, guid: e42b6d465b98a5d4095c8059e3d79d17, type: 3}
--- !u!1001 &2084073972
PrefabInstance:
  m_ObjectHideFlags: 0
  serializedVersion: 2
  m_Modification:
    m_TransformParent: {fileID: 1175725684}
    m_Modifications:
    - target: {fileID: 419695946874780921, guid: 61ce78072f759ac4f84af8cbcff9639a,
        type: 3}
      propertyPath: m_Name
      value: One Hit Block (4)
      objectReference: {fileID: 0}
    - target: {fileID: 419695946874780919, guid: 61ce78072f759ac4f84af8cbcff9639a,
        type: 3}
      propertyPath: m_LocalPosition.x
      value: 9.68
      objectReference: {fileID: 0}
    - target: {fileID: 419695946874780919, guid: 61ce78072f759ac4f84af8cbcff9639a,
        type: 3}
      propertyPath: m_LocalPosition.y
      value: 5.6870756
      objectReference: {fileID: 0}
    - target: {fileID: 419695946874780919, guid: 61ce78072f759ac4f84af8cbcff9639a,
        type: 3}
      propertyPath: m_LocalPosition.z
      value: 0
      objectReference: {fileID: 0}
    - target: {fileID: 419695946874780919, guid: 61ce78072f759ac4f84af8cbcff9639a,
        type: 3}
      propertyPath: m_LocalRotation.x
      value: -0
      objectReference: {fileID: 0}
    - target: {fileID: 419695946874780919, guid: 61ce78072f759ac4f84af8cbcff9639a,
        type: 3}
      propertyPath: m_LocalRotation.y
      value: -0
      objectReference: {fileID: 0}
    - target: {fileID: 419695946874780919, guid: 61ce78072f759ac4f84af8cbcff9639a,
        type: 3}
      propertyPath: m_LocalRotation.z
      value: -0
      objectReference: {fileID: 0}
    - target: {fileID: 419695946874780919, guid: 61ce78072f759ac4f84af8cbcff9639a,
        type: 3}
      propertyPath: m_LocalRotation.w
      value: 1
      objectReference: {fileID: 0}
    - target: {fileID: 419695946874780919, guid: 61ce78072f759ac4f84af8cbcff9639a,
        type: 3}
      propertyPath: m_RootOrder
      value: 4
      objectReference: {fileID: 0}
    - target: {fileID: 419695946874780919, guid: 61ce78072f759ac4f84af8cbcff9639a,
        type: 3}
      propertyPath: m_LocalEulerAnglesHint.x
      value: 0
      objectReference: {fileID: 0}
    - target: {fileID: 419695946874780919, guid: 61ce78072f759ac4f84af8cbcff9639a,
        type: 3}
      propertyPath: m_LocalEulerAnglesHint.y
      value: 0
      objectReference: {fileID: 0}
    - target: {fileID: 419695946874780919, guid: 61ce78072f759ac4f84af8cbcff9639a,
        type: 3}
      propertyPath: m_LocalEulerAnglesHint.z
      value: 0
      objectReference: {fileID: 0}
    m_RemovedComponents: []
  m_SourcePrefab: {fileID: 100100000, guid: 61ce78072f759ac4f84af8cbcff9639a, type: 3}
--- !u!4 &2095147278 stripped
Transform:
  m_CorrespondingSourceObject: {fileID: 419695946874780919, guid: 61ce78072f759ac4f84af8cbcff9639a,
    type: 3}
  m_PrefabInstance: {fileID: 118821483}
  m_PrefabAsset: {fileID: 0}
--- !u!1001 &2121924475
PrefabInstance:
  m_ObjectHideFlags: 0
  serializedVersion: 2
  m_Modification:
    m_TransformParent: {fileID: 1175725684}
    m_Modifications:
    - target: {fileID: 419695946874780921, guid: e42b6d465b98a5d4095c8059e3d79d17,
        type: 3}
      propertyPath: m_Name
      value: UnbreakableBlock (8)
      objectReference: {fileID: 0}
    - target: {fileID: 419695946874780919, guid: e42b6d465b98a5d4095c8059e3d79d17,
        type: 3}
      propertyPath: m_LocalPosition.x
      value: 12.3
      objectReference: {fileID: 0}
    - target: {fileID: 419695946874780919, guid: e42b6d465b98a5d4095c8059e3d79d17,
        type: 3}
      propertyPath: m_LocalPosition.y
      value: 8.74
      objectReference: {fileID: 0}
    - target: {fileID: 419695946874780919, guid: e42b6d465b98a5d4095c8059e3d79d17,
        type: 3}
      propertyPath: m_LocalPosition.z
      value: 0
      objectReference: {fileID: 0}
    - target: {fileID: 419695946874780919, guid: e42b6d465b98a5d4095c8059e3d79d17,
        type: 3}
      propertyPath: m_LocalRotation.x
      value: -0
      objectReference: {fileID: 0}
    - target: {fileID: 419695946874780919, guid: e42b6d465b98a5d4095c8059e3d79d17,
        type: 3}
      propertyPath: m_LocalRotation.y
      value: -0
      objectReference: {fileID: 0}
    - target: {fileID: 419695946874780919, guid: e42b6d465b98a5d4095c8059e3d79d17,
        type: 3}
      propertyPath: m_LocalRotation.z
      value: -0
      objectReference: {fileID: 0}
    - target: {fileID: 419695946874780919, guid: e42b6d465b98a5d4095c8059e3d79d17,
        type: 3}
      propertyPath: m_LocalRotation.w
      value: 1
      objectReference: {fileID: 0}
    - target: {fileID: 419695946874780919, guid: e42b6d465b98a5d4095c8059e3d79d17,
        type: 3}
      propertyPath: m_RootOrder
      value: 16
      objectReference: {fileID: 0}
    - target: {fileID: 419695946874780919, guid: e42b6d465b98a5d4095c8059e3d79d17,
        type: 3}
      propertyPath: m_LocalEulerAnglesHint.x
      value: 0
      objectReference: {fileID: 0}
    - target: {fileID: 419695946874780919, guid: e42b6d465b98a5d4095c8059e3d79d17,
        type: 3}
      propertyPath: m_LocalEulerAnglesHint.y
      value: 0
      objectReference: {fileID: 0}
    - target: {fileID: 419695946874780919, guid: e42b6d465b98a5d4095c8059e3d79d17,
        type: 3}
      propertyPath: m_LocalEulerAnglesHint.z
      value: 0
      objectReference: {fileID: 0}
    m_RemovedComponents: []
  m_SourcePrefab: {fileID: 100100000, guid: e42b6d465b98a5d4095c8059e3d79d17, type: 3}
--- !u!1001 &503637759877121432
PrefabInstance:
  m_ObjectHideFlags: 0
  serializedVersion: 2
  m_Modification:
    m_TransformParent: {fileID: 1631903184}
    m_Modifications:
    - target: {fileID: 503637759580606904, guid: 990105cde4b54844b850f54a811175b0,
        type: 3}
      propertyPath: m_Name
      value: Ball
      objectReference: {fileID: 0}
    - target: {fileID: 503637759580606906, guid: 990105cde4b54844b850f54a811175b0,
        type: 3}
      propertyPath: m_LocalPosition.x
      value: 6.62
      objectReference: {fileID: 0}
    - target: {fileID: 503637759580606906, guid: 990105cde4b54844b850f54a811175b0,
        type: 3}
      propertyPath: m_LocalPosition.y
      value: 0.6
      objectReference: {fileID: 0}
    - target: {fileID: 503637759580606906, guid: 990105cde4b54844b850f54a811175b0,
        type: 3}
      propertyPath: m_LocalPosition.z
      value: 0
      objectReference: {fileID: 0}
    - target: {fileID: 503637759580606906, guid: 990105cde4b54844b850f54a811175b0,
        type: 3}
      propertyPath: m_LocalRotation.x
      value: -0
      objectReference: {fileID: 0}
    - target: {fileID: 503637759580606906, guid: 990105cde4b54844b850f54a811175b0,
        type: 3}
      propertyPath: m_LocalRotation.y
      value: -0
      objectReference: {fileID: 0}
    - target: {fileID: 503637759580606906, guid: 990105cde4b54844b850f54a811175b0,
        type: 3}
      propertyPath: m_LocalRotation.z
      value: -0
      objectReference: {fileID: 0}
    - target: {fileID: 503637759580606906, guid: 990105cde4b54844b850f54a811175b0,
        type: 3}
      propertyPath: m_LocalRotation.w
      value: 1
      objectReference: {fileID: 0}
    - target: {fileID: 503637759580606906, guid: 990105cde4b54844b850f54a811175b0,
        type: 3}
      propertyPath: m_RootOrder
      value: 0
      objectReference: {fileID: 0}
    - target: {fileID: 503637759580606906, guid: 990105cde4b54844b850f54a811175b0,
        type: 3}
      propertyPath: m_LocalEulerAnglesHint.x
      value: 0
      objectReference: {fileID: 0}
    - target: {fileID: 503637759580606906, guid: 990105cde4b54844b850f54a811175b0,
        type: 3}
      propertyPath: m_LocalEulerAnglesHint.y
      value: 0
      objectReference: {fileID: 0}
    - target: {fileID: 503637759580606906, guid: 990105cde4b54844b850f54a811175b0,
        type: 3}
      propertyPath: m_LocalEulerAnglesHint.z
      value: 0
      objectReference: {fileID: 0}
    - target: {fileID: 503637759580606909, guid: 990105cde4b54844b850f54a811175b0,
        type: 3}
      propertyPath: paddle1
      value: 
      objectReference: {fileID: 1589838080}
    - target: {fileID: 503637759580606909, guid: 990105cde4b54844b850f54a811175b0,
        type: 3}
      propertyPath: randomFactor
      value: 1.2
      objectReference: {fileID: 0}
    m_RemovedComponents: []
  m_SourcePrefab: {fileID: 100100000, guid: 990105cde4b54844b850f54a811175b0, type: 3}
--- !u!1001 &2666619694344082921
PrefabInstance:
  m_ObjectHideFlags: 0
  serializedVersion: 2
  m_Modification:
    m_TransformParent: {fileID: 0}
    m_Modifications:
    - target: {fileID: 2666619695121932033, guid: 2966aedd6f9b2bb4fb1d58934cf706ea,
        type: 3}
      propertyPath: m_Name
      value: WinCondition
      objectReference: {fileID: 0}
    - target: {fileID: 2666619695121932035, guid: 2966aedd6f9b2bb4fb1d58934cf706ea,
        type: 3}
      propertyPath: m_LocalPosition.x
      value: 9.798368
      objectReference: {fileID: 0}
    - target: {fileID: 2666619695121932035, guid: 2966aedd6f9b2bb4fb1d58934cf706ea,
        type: 3}
      propertyPath: m_LocalPosition.y
      value: 6.569835
      objectReference: {fileID: 0}
    - target: {fileID: 2666619695121932035, guid: 2966aedd6f9b2bb4fb1d58934cf706ea,
        type: 3}
      propertyPath: m_LocalPosition.z
      value: -241.74248
      objectReference: {fileID: 0}
    - target: {fileID: 2666619695121932035, guid: 2966aedd6f9b2bb4fb1d58934cf706ea,
        type: 3}
      propertyPath: m_LocalRotation.x
      value: 0
      objectReference: {fileID: 0}
    - target: {fileID: 2666619695121932035, guid: 2966aedd6f9b2bb4fb1d58934cf706ea,
        type: 3}
      propertyPath: m_LocalRotation.y
      value: 0
      objectReference: {fileID: 0}
    - target: {fileID: 2666619695121932035, guid: 2966aedd6f9b2bb4fb1d58934cf706ea,
        type: 3}
      propertyPath: m_LocalRotation.z
      value: 0
      objectReference: {fileID: 0}
    - target: {fileID: 2666619695121932035, guid: 2966aedd6f9b2bb4fb1d58934cf706ea,
        type: 3}
      propertyPath: m_LocalRotation.w
      value: 1
      objectReference: {fileID: 0}
    - target: {fileID: 2666619695121932035, guid: 2966aedd6f9b2bb4fb1d58934cf706ea,
        type: 3}
      propertyPath: m_RootOrder
      value: 1
      objectReference: {fileID: 0}
    - target: {fileID: 2666619695121932035, guid: 2966aedd6f9b2bb4fb1d58934cf706ea,
        type: 3}
      propertyPath: m_LocalEulerAnglesHint.x
      value: 0
      objectReference: {fileID: 0}
    - target: {fileID: 2666619695121932035, guid: 2966aedd6f9b2bb4fb1d58934cf706ea,
        type: 3}
      propertyPath: m_LocalEulerAnglesHint.y
      value: 0
      objectReference: {fileID: 0}
    - target: {fileID: 2666619695121932035, guid: 2966aedd6f9b2bb4fb1d58934cf706ea,
        type: 3}
      propertyPath: m_LocalEulerAnglesHint.z
      value: 0
      objectReference: {fileID: 0}
    m_RemovedComponents: []
  m_SourcePrefab: {fileID: 100100000, guid: 2966aedd6f9b2bb4fb1d58934cf706ea, type: 3}
--- !u!1001 &4034274966206869893
PrefabInstance:
  m_ObjectHideFlags: 0
  serializedVersion: 2
  m_Modification:
    m_TransformParent: {fileID: 1631903184}
    m_Modifications:
    - target: {fileID: 4034274967326683518, guid: b942f681d71499f4c84dba369115b0f9,
        type: 3}
      propertyPath: m_Name
      value: Paddle
      objectReference: {fileID: 0}
    - target: {fileID: 4034274967326683512, guid: b942f681d71499f4c84dba369115b0f9,
        type: 3}
      propertyPath: m_LocalPosition.x
      value: 6.517
      objectReference: {fileID: 0}
    - target: {fileID: 4034274967326683512, guid: b942f681d71499f4c84dba369115b0f9,
        type: 3}
      propertyPath: m_LocalPosition.y
      value: 0.072
      objectReference: {fileID: 0}
    - target: {fileID: 4034274967326683512, guid: b942f681d71499f4c84dba369115b0f9,
        type: 3}
      propertyPath: m_LocalPosition.z
      value: 0
      objectReference: {fileID: 0}
    - target: {fileID: 4034274967326683512, guid: b942f681d71499f4c84dba369115b0f9,
        type: 3}
      propertyPath: m_LocalRotation.x
      value: -0
      objectReference: {fileID: 0}
    - target: {fileID: 4034274967326683512, guid: b942f681d71499f4c84dba369115b0f9,
        type: 3}
      propertyPath: m_LocalRotation.y
      value: -0
      objectReference: {fileID: 0}
    - target: {fileID: 4034274967326683512, guid: b942f681d71499f4c84dba369115b0f9,
        type: 3}
      propertyPath: m_LocalRotation.z
      value: -0
      objectReference: {fileID: 0}
    - target: {fileID: 4034274967326683512, guid: b942f681d71499f4c84dba369115b0f9,
        type: 3}
      propertyPath: m_LocalRotation.w
      value: 1
      objectReference: {fileID: 0}
    - target: {fileID: 4034274967326683512, guid: b942f681d71499f4c84dba369115b0f9,
        type: 3}
      propertyPath: m_RootOrder
      value: 1
      objectReference: {fileID: 0}
    - target: {fileID: 4034274967326683512, guid: b942f681d71499f4c84dba369115b0f9,
        type: 3}
      propertyPath: m_LocalEulerAnglesHint.x
      value: 0
      objectReference: {fileID: 0}
    - target: {fileID: 4034274967326683512, guid: b942f681d71499f4c84dba369115b0f9,
        type: 3}
      propertyPath: m_LocalEulerAnglesHint.y
      value: 0
      objectReference: {fileID: 0}
    - target: {fileID: 4034274967326683512, guid: b942f681d71499f4c84dba369115b0f9,
        type: 3}
      propertyPath: m_LocalEulerAnglesHint.z
      value: 0
      objectReference: {fileID: 0}
    - target: {fileID: 4034274967326683512, guid: b942f681d71499f4c84dba369115b0f9,
        type: 3}
      propertyPath: m_LocalScale.x
      value: 1.0417074
      objectReference: {fileID: 0}
    - target: {fileID: 4034274967326683512, guid: b942f681d71499f4c84dba369115b0f9,
        type: 3}
      propertyPath: m_LocalScale.y
      value: 1.0076131
      objectReference: {fileID: 0}
    m_RemovedComponents: []
  m_SourcePrefab: {fileID: 100100000, guid: b942f681d71499f4c84dba369115b0f9, type: 3}
--- !u!1001 &7807819790283723292
PrefabInstance:
  m_ObjectHideFlags: 0
  serializedVersion: 2
  m_Modification:
    m_TransformParent: {fileID: 0}
    m_Modifications:
    - target: {fileID: 7807819791087812406, guid: 139269bdca734dc47801d45678543b18,
        type: 3}
      propertyPath: m_Name
      value: Game Status
      objectReference: {fileID: 0}
    - target: {fileID: 7807819791087812400, guid: 139269bdca734dc47801d45678543b18,
        type: 3}
      propertyPath: m_LocalPosition.x
      value: 9.798368
      objectReference: {fileID: 0}
    - target: {fileID: 7807819791087812400, guid: 139269bdca734dc47801d45678543b18,
        type: 3}
      propertyPath: m_LocalPosition.y
      value: 6.569835
      objectReference: {fileID: 0}
    - target: {fileID: 7807819791087812400, guid: 139269bdca734dc47801d45678543b18,
        type: 3}
      propertyPath: m_LocalPosition.z
      value: -241.74248
      objectReference: {fileID: 0}
    - target: {fileID: 7807819791087812400, guid: 139269bdca734dc47801d45678543b18,
        type: 3}
      propertyPath: m_LocalRotation.x
      value: 0
      objectReference: {fileID: 0}
    - target: {fileID: 7807819791087812400, guid: 139269bdca734dc47801d45678543b18,
        type: 3}
      propertyPath: m_LocalRotation.y
      value: 0
      objectReference: {fileID: 0}
    - target: {fileID: 7807819791087812400, guid: 139269bdca734dc47801d45678543b18,
        type: 3}
      propertyPath: m_LocalRotation.z
      value: 0
      objectReference: {fileID: 0}
    - target: {fileID: 7807819791087812400, guid: 139269bdca734dc47801d45678543b18,
        type: 3}
      propertyPath: m_LocalRotation.w
      value: 1
      objectReference: {fileID: 0}
    - target: {fileID: 7807819791087812400, guid: 139269bdca734dc47801d45678543b18,
        type: 3}
      propertyPath: m_RootOrder
      value: 2
      objectReference: {fileID: 0}
    - target: {fileID: 7807819791087812400, guid: 139269bdca734dc47801d45678543b18,
        type: 3}
      propertyPath: m_LocalEulerAnglesHint.x
      value: 0
      objectReference: {fileID: 0}
    - target: {fileID: 7807819791087812400, guid: 139269bdca734dc47801d45678543b18,
        type: 3}
      propertyPath: m_LocalEulerAnglesHint.y
      value: 0
      objectReference: {fileID: 0}
    - target: {fileID: 7807819791087812400, guid: 139269bdca734dc47801d45678543b18,
        type: 3}
      propertyPath: m_LocalEulerAnglesHint.z
      value: 0
      objectReference: {fileID: 0}
    - target: {fileID: 7807819791087812407, guid: 139269bdca734dc47801d45678543b18,
        type: 3}
      propertyPath: scoreText
      value: 
      objectReference: {fileID: 1414889669}
    - target: {fileID: 7807819791087812407, guid: 139269bdca734dc47801d45678543b18,
        type: 3}
      propertyPath: isAutoPlayEnabled
      value: 0
      objectReference: {fileID: 0}
    - target: {fileID: 2344961654644897470, guid: 139269bdca734dc47801d45678543b18,
        type: 3}
      propertyPath: m_LocalPosition.z
      value: 0
      objectReference: {fileID: 0}
    - target: {fileID: 2344961654905516308, guid: 139269bdca734dc47801d45678543b18,
        type: 3}
      propertyPath: m_Material
      value: 
      objectReference: {fileID: 0}
    - target: {fileID: 2344961654905516308, guid: 139269bdca734dc47801d45678543b18,
        type: 3}
      propertyPath: m_sharedMaterial
      value: 
      objectReference: {fileID: 0}
    m_RemovedComponents: []
  m_SourcePrefab: {fileID: 100100000, guid: 139269bdca734dc47801d45678543b18, type: 3}
